<?xml version="1.0" encoding="UTF-8"?>
<!DOCTYPE html PUBLIC "-//W3C//DTD XHTML 1.0 Transitional//EN"
    "http://www.w3.org/TR/xhtml1/DTD/xhtml1-transitional.dtd">
<html xmlns="http://www.w3.org/1999/xhtml" xml:lang="en" lang="en">
 <head>
  <title>
</title>
<meta http-equiv="Content-Type" content="text/html;charset=utf-8" />
  <meta name='ocr-system' content='tesseract 3.04.00' />
  <meta name='ocr-capabilities' content='ocr_page ocr_carea ocr_par ocr_line ocrx_word'/>
</head>
<body>
  <div class='ocr_page' id='page_1' title='image "./sanctiirenilibr01irengoog_0447.png"; bbox 0 0 3225 5184; ppageno 0'>
   <div class='ocr_carea' id='block_1_1' title="bbox 426 792 999 880">
    <p class='ocr_par' dir='ltr' id='par_1_1' title="bbox 426 792 999 880">
     <span class='ocr_line' id='line_1_1' title="bbox 426 792 999 880; baseline 0.007 -4"><span class='ocrx_word' id='word_1_1' title='bbox 426 792 677 878; x_wconf 84' lang='lat' dir='ltr'><strong>SANCTI</strong></span> <span class='ocrx_word' id='word_1_2' title='bbox 730 794 999 880; x_wconf 83' lang='lat' dir='ltr'><strong>IRENAEI</strong></span> 
     </span>
    </p>
   </div>
   <div class='ocr_carea' id='block_1_2' title="bbox 307 1059 1120 1161">
    <p class='ocr_par' dir='ltr' id='par_1_2' title="bbox 307 1059 1120 1161">
     <span class='ocr_line' id='line_1_2' title="bbox 307 1059 1120 1161; baseline 0.005 -5"><span class='ocrx_word' id='word_1_3' title='bbox 307 1059 624 1157; x_wconf 80' lang='lat' dir='ltr'><strong>CONTRA</strong></span> <span class='ocrx_word' id='word_1_4' title='bbox 709 1060 1120 1161; x_wconf 82' lang='lat' dir='ltr'><strong>HAERESES.</strong></span> 
     </span>
    </p>
   </div>
   <div class='ocr_carea' id='block_1_3' title="bbox 632 1312 794 1322">
    <p class='ocr_par' dir='ltr' id='par_1_3' title="bbox 632 1312 794 1322">
     <span class='ocr_line' id='line_1_3' title="bbox 632 1312 794 1322; baseline 0 -1"><span class='ocrx_word' id='word_1_5' title='bbox 632 1312 794 1322; x_wconf 82' lang='lat'>—..-...</span> 
     </span>
    </p>
   </div>
   <div class='ocr_carea' id='block_1_4' title="bbox 622 1505 816 1561">
    <p class='ocr_par' dir='ltr' id='par_1_4' title="bbox 622 1505 816 1561">
     <span class='ocr_line' id='line_1_4' title="bbox 622 1505 816 1561; baseline -0.005 -1"><span class='ocrx_word' id='word_1_6' title='bbox 622 1505 755 1560; x_wconf 82' lang='lat' dir='ltr'><strong>LIBER</strong></span> <span class='ocrx_word' id='word_1_7' title='bbox 778 1506 816 1561; x_wconf 93' lang='lat'>11.</span> 
     </span>
    </p>
   </div>
   <div class='ocr_carea' id='block_1_5' title="bbox 585 1668 851 1729">
    <p class='ocr_par' dir='ltr' id='par_1_5' title="bbox 585 1668 851 1729">
     <span class='ocr_line' id='line_1_5' title="bbox 585 1668 851 1729; baseline -0.004 -2"><span class='ocrx_word' id='word_1_8' title='bbox 585 1668 752 1728; x_wconf 66' lang='lat' dir='ltr'>Pusam</span> <span class='ocrx_word' id='word_1_9' title='bbox 764 1668 851 1729; x_wconf 71' lang='lat' dir='ltr'>ulo.</span> 
     </span>
    </p>
   </div>
   <div class='ocr_carea' id='block_1_6' title="bbox 35 1797 1295 3978">
    <p class='ocr_par' dir='ltr' id='par_1_6' title="bbox 35 1797 1295 3978">
     <span class='ocr_line' id='line_1_6' title="bbox 35 1797 1293 1885; baseline 0.007 -29"><span class='ocrx_word' id='word_1_10' title='bbox 35 1820 117 1858; x_wconf 63' lang='lat' dir='ltr'>uua</span> <span class='ocrx_word' id='word_1_11' title='bbox 210 1798 250 1862; x_wconf 81' lang='lat' dir='ltr'>Iu</span> <span class='ocrx_word' id='word_1_12' title='bbox 268 1797 370 1884; x_wconf 87' lang='lat' dir='ltr'>primo</span> <span class='ocrx_word' id='word_1_13' title='bbox 394 1799 522 1885; x_wconf 87' lang='lat' dir='ltr'>quidem</span> <span class='ocrx_word' id='word_1_14' title='bbox 545 1798 635 1873; x_wconf 88' lang='lat' dir='ltr'>libro,</span> <span class='ocrx_word' id='word_1_15' title='bbox 661 1798 714 1883; x_wconf 91' lang='lat' dir='ltr'>qui</span> <span class='ocrx_word' id='word_1_16' title='bbox 736 1805 813 1863; x_wconf 88' lang='lat' dir='ltr'>ante</span> <span class='ocrx_word' id='word_1_17' title='bbox 829 1798 913 1862; x_wconf 89' lang='lat' dir='ltr'>hunc</span> <span class='ocrx_word' id='word_1_18' title='bbox 936 1803 995 1871; x_wconf 88' lang='lat' dir='ltr'>est,</span> <span class='ocrx_word' id='word_1_19' title='bbox 1014 1802 1184 1884; x_wconf 74' lang='lat' dir='ltr'>arguentes</span> <span class='ocrx_word' id='word_1_20' title='bbox 1205 1798 1293 1865; x_wconf 83' lang='lat' dir='ltr'>¹lalsi</span> 
     </span>
     <span class='ocr_line' id='line_1_7' title="bbox 141 1896 1292 1985; baseline 0.003 -24"><span class='ocrx_word' id='word_1_21' title='bbox 141 1898 275 1962; x_wconf 87' lang='lat' dir='ltr'>nominis</span> <span class='ocrx_word' id='word_1_22' title='bbox 298 1899 494 1985; x_wconf 78' lang='lat' dir='ltr'><strong>agnitionem</strong></span> <span class='ocrx_word' id='word_1_23' title='bbox 511 1897 705 1963; x_wconf 83' lang='lat' dir='ltr'>ostendimus</span> <span class='ocrx_word' id='word_1_24' title='bbox 727 1896 797 1973; x_wconf 87' lang='lat' dir='ltr'>tibi,</span> <span class='ocrx_word' id='word_1_25' title='bbox 823 1896 1034 1973; x_wconf 84' lang='lat' dir='ltr'>dilectissime,</span> <span class='ocrx_word' id='word_1_26' title='bbox 1056 1919 1150 1962; x_wconf 89' lang='lat' dir='ltr'>omne</span> <span class='ocrx_word' id='word_1_27' title='bbox 1176 1898 1217 1964; x_wconf 91' lang='lat' dir='ltr'>ab</span> <span class='ocrx_word' id='word_1_28' title='bbox 1242 1900 1292 1964; x_wconf 91' lang='lat' dir='ltr'>his</span> 
     </span>
     <span class='ocr_line' id='line_1_8' title="bbox 141 1996 1292 2083; baseline 0.002 -22"><span class='ocrx_word' id='word_1_29' title='bbox 141 1997 194 2082; x_wconf 91' lang='lat' dir='ltr'>qui</span> <span class='ocrx_word' id='word_1_30' title='bbox 220 2006 330 2063; x_wconf 87' lang='lat' dir='ltr'>sunta</span> <span class='ocrx_word' id='word_1_31' title='bbox 348 1998 522 2063; x_wconf 71' lang='lat' dir='ltr'>Valentino</span> <span class='ocrx_word' id='word_1_32' title='bbox 546 2018 603 2083; x_wconf 87' lang='lat' dir='ltr'>per</span> <span class='ocrx_word' id='word_1_33' title='bbox 619 1997 737 2062; x_wconf 87' lang='lat' dir='ltr'>multos</span> <span class='ocrx_word' id='word_1_34' title='bbox 760 2006 794 2063; x_wconf 90' lang='lat' dir='ltr'>et</span> <span class='ocrx_word' id='word_1_35' title='bbox 815 1996 992 2062; x_wconf 89' lang='lat' dir='ltr'>contrarios</span> <span class='ocrx_word' id='word_1_36' title='bbox 1015 1997 1126 2061; x_wconf 89' lang='lat' dir='ltr'>modos</span> <span class='ocrx_word' id='word_1_37' title='bbox 1143 1998 1292 2063; x_wconf 90' lang='lat' dir='ltr'>adinven-</span> 
     </span>
     <span class='ocr_line' id='line_1_9' title="bbox 140 2096 1293 2184; baseline 0.001 -22"><span class='ocrx_word' id='word_1_38' title='bbox 140 2105 210 2163; x_wconf 91' lang='lat' dir='ltr'>tum</span> <span class='ocrx_word' id='word_1_39' title='bbox 232 2120 299 2162; x_wconf 87' lang='lat' dir='ltr'>esse</span> <span class='ocrx_word' id='word_1_40' title='bbox 320 2098 545 2183; x_wconf 72' lang='lat' dir='ltr'>falsiloquium,</span> <span class='ocrx_word' id='word_1_41' title='bbox 569 2098 666 2161; x_wconf 89' lang='lat' dir='ltr'>etiam</span> <span class='ocrx_word' id='word_1_42' title='bbox 684 2096 859 2162; x_wconf 86' lang='lat' dir='ltr'>sententias</span> <span class='ocrx_word' id='word_1_43' title='bbox 882 2096 1082 2182; x_wconf 78' lang='lat' dir='ltr'>exposuimus</span> <span class='ocrx_word' id='word_1_44' title='bbox 1105 2119 1214 2162; x_wconf 89' lang='lat' dir='ltr'>eorum</span> <span class='ocrx_word' id='word_1_45' title='bbox 1238 2098 1293 2184; x_wconf 92' lang='lat' dir='ltr'>qui</span> 
     </span>
     <span class='ocr_line' id='line_1_10' title="bbox 141 2196 1291 2284; baseline 0.002 -23"><span class='ocrx_word' id='word_1_46' title='bbox 141 2197 261 2282; x_wconf 81' lang='lat' dir='ltr'>priores</span> <span class='ocrx_word' id='word_1_47' title='bbox 287 2198 492 2273; x_wconf 86' lang='lat' dir='ltr'>exstitemnt,</span> <span class='ocrx_word' id='word_1_48' title='bbox 519 2198 736 2283; x_wconf 78' lang='lat' dir='ltr'>discrepantes</span> <span class='ocrx_word' id='word_1_49' title='bbox 764 2220 819 2262; x_wconf 87' lang='lat' dir='ltr'>eoa</span> <span class='ocrx_word' id='word_1_50' title='bbox 844 2196 1048 2284; x_wconf 76' lang='lat' dir='ltr'>sibimetipsis</span> <span class='ocrx_word' id='word_1_51' title='bbox 1075 2199 1291 2274; x_wconf 84' lang='lat' dir='ltr'>ostendentes,</span> 
     </span>
     <span class='ocr_line' id='line_1_11' title="bbox 140 2296 1293 2383; baseline 0.003 -24"><span class='ocrx_word' id='word_1_52' title='bbox 140 2298 242 2362; x_wconf 88' lang='lat' dir='ltr'>multo</span> <span class='ocrx_word' id='word_1_53' title='bbox 258 2311 366 2362; x_wconf 88' lang='lat' dir='ltr'>autem</span> <span class='ocrx_word' id='word_1_54' title='bbox 384 2298 470 2382; x_wconf 89' lang='lat' dir='ltr'>prius</span> <span class='ocrx_word' id='word_1_55' title='bbox 489 2297 546 2383; x_wconf 90' lang='lat' dir='ltr'>ipsi</span> <span class='ocrx_word' id='word_1_56' title='bbox 561 2298 698 2361; x_wconf 87' lang='lat' dir='ltr'>veritati.</span> <span class='ocrx_word' id='word_1_57' title='bbox 739 2298 785 2362; x_wconf 88' lang='lat' dir='ltr'>Et</span> <span class='ocrx_word' id='word_1_58' title='bbox 804 2297 909 2361; x_wconf 87' lang='lat' dir='ltr'>Marci</span> <span class='ocrx_word' id='word_1_59' title='bbox 923 2318 1048 2382; x_wconf 88' lang='lat' dir='ltr'>quoque</span> <span class='ocrx_word' id='word_1_60' title='bbox 1064 2296 1150 2383; x_wconf 86' lang='lat' dir='ltr'>magi</span> <span class='ocrx_word' id='word_1_61' title='bbox 1166 2305 1293 2363; x_wconf 87' lang='lat' dir='ltr'>senten·</span> 
     </span>
     <span class='ocr_line' id='line_1_12' title="bbox 141 2395 1293 2483; baseline 0.001 -22"><span class='ocrx_word' id='word_1_62' title='bbox 141 2398 230 2477; x_wconf 86' lang='lat' dir='ltr'>tiam,</span> <span class='ocrx_word' id='word_1_63' title='bbox 249 2420 320 2461; x_wconf 91' lang='lat' dir='ltr'>eum</span> <span class='ocrx_word' id='word_1_64' title='bbox 337 2398 379 2464; x_wconf 90' lang='lat' dir='ltr'>sit</span> <span class='ocrx_word' id='word_1_65' title='bbox 396 2422 436 2461; x_wconf 86' lang='lat' dir='ltr'>ex</span> <span class='ocrx_word' id='word_1_66' title='bbox 453 2398 511 2469; x_wconf 87' lang='lat' dir='ltr'>his,</span> <span class='ocrx_word' id='word_1_67' title='bbox 529 2420 599 2461; x_wconf 90' lang='lat' dir='ltr'>eum</span> <span class='ocrx_word' id='word_1_68' title='bbox 617 2397 765 2481; x_wconf 89' lang='lat' dir='ltr'>operibus</span> <span class='ocrx_word' id='word_1_69' title='bbox 782 2397 850 2481; x_wconf 88' lang='lat' dir='ltr'>ejus</span> <span class='ocrx_word' id='word_1_70' title='bbox 865 2397 950 2461; x_wconf 93' lang='lat' dir='ltr'>omui</span> <span class='ocrx_word' id='word_1_71' title='bbox 966 2395 1130 2482; x_wconf 86' lang='lat' dir='ltr'>diligentia</span> <span class='ocrx_word' id='word_1_72' title='bbox 1146 2398 1293 2483; x_wconf 83' lang='lat' dir='ltr'>exposui-</span> 
     </span>
     <span class='ocr_line' id='line_1_13' title="bbox 141 2496 1292 2582; baseline 0.001 -23"><span class='ocrx_word' id='word_1_73' title='bbox 141 2519 220 2575; x_wconf 86' lang='lat' dir='ltr'>mus,</span> <span class='ocrx_word' id='word_1_74' title='bbox 246 2506 279 2561; x_wconf 90' lang='lat' dir='ltr'>et</span> <span class='ocrx_word' id='word_1_75' title='bbox 295 2504 416 2581; x_wconf 89' lang='lat' dir='ltr'>quanta</span> <span class='ocrx_word' id='word_1_76' title='bbox 441 2520 481 2560; x_wconf 86' lang='lat' dir='ltr'>ex</span> <span class='ocrx_word' id='word_1_77' title='bbox 506 2496 679 2581; x_wconf 89' lang='lat' dir='ltr'>Scripturis</span> <span class='ocrx_word' id='word_1_78' title='bbox 703 2496 856 2582; x_wconf 85' lang='lat' dir='ltr'>eligentes</span> <span class='ocrx_word' id='word_1_79' title='bbox 879 2496 1035 2580; x_wconf 86' lang='lat' dir='ltr'>adaptare</span> <span class='ocrx_word' id='word_1_80' title='bbox 1059 2505 1216 2560; x_wconf 89' lang='lat' dir='ltr'>conantur</span> <span class='ocrx_word' id='word_1_81' title='bbox 1238 2496 1292 2561; x_wconf 90' lang='lat' dir='ltr'>fic·</span> 
     </span>
     <span class='ocr_line' id='line_1_14' title="bbox 141 2595 1290 2681; baseline 0.001 -22"><span class='ocrx_word' id='word_1_82' title='bbox 141 2596 221 2659; x_wconf 90' lang='lat' dir='ltr'>tioni</span> <span class='ocrx_word' id='word_1_83' title='bbox 238 2618 312 2669; x_wconf 82' lang='lat' dir='ltr'>suae,</span> <span class='ocrx_word' id='word_1_84' title='bbox 331 2597 501 2681; x_wconf 86' lang='lat' dir='ltr'>diligenter</span> <span class='ocrx_word' id='word_1_85' title='bbox 521 2596 704 2659; x_wconf 87' lang='lat' dir='ltr'>retulimus:</span> <span class='ocrx_word' id='word_1_86' title='bbox 730 2602 763 2657; x_wconf 88' lang='lat' dir='ltr'>et</span> <span class='ocrx_word' id='word_1_87' title='bbox 781 2615 919 2678; x_wconf 89' lang='lat' dir='ltr'>quonam</span> <span class='ocrx_word' id='word_1_88' title='bbox 940 2595 1034 2658; x_wconf 94' lang='lat' dir='ltr'>modo</span> <span class='ocrx_word' id='word_1_89' title='bbox 1055 2615 1113 2678; x_wconf 89' lang='lat' dir='ltr'>per</span> <span class='ocrx_word' id='word_1_90' title='bbox 1132 2616 1290 2674; x_wconf 89' lang='lat' dir='ltr'>numeros,</span> 
     </span>
     <span class='ocr_line' id='line_1_15' title="bbox 142 2692 1293 2780; baseline 0 -22"><span class='ocrx_word' id='word_1_91' title='bbox 142 2704 175 2760; x_wconf 91' lang='lat' dir='ltr'>et</span> <span class='ocrx_word' id='word_1_92' title='bbox 193 2717 251 2779; x_wconf 88' lang='lat' dir='ltr'>per</span> <span class='ocrx_word' id='word_1_93' title='bbox 273 2695 382 2780; x_wconf 89' lang='lat' dir='ltr'>viginti</span> <span class='ocrx_word' id='word_1_94' title='bbox 402 2702 540 2778; x_wconf 87' lang='lat' dir='ltr'>quatuor</span> <span class='ocrx_word' id='word_1_95' title='bbox 560 2694 717 2757; x_wconf 87' lang='lat' dir='ltr'>elementa</span> <span class='ocrx_word' id='word_1_96' title='bbox 739 2692 919 2777; x_wconf 70' lang='lat' dir='ltr'>&#39;alphabeti</span> <span class='ocrx_word' id='word_1_97' title='bbox 943 2692 1111 2758; x_wconf 89' lang='lat' dir='ltr'>veritatem</span> <span class='ocrx_word' id='word_1_98' title='bbox 1132 2693 1293 2759; x_wconf 87' lang='lat' dir='ltr'>affirmare</span> 
     </span>
     <span class='ocr_line' id='line_1_16' title="bbox 142 2791 1292 2877; baseline 0 -20"><span class='ocrx_word' id='word_1_99' title='bbox 142 2800 299 2858; x_wconf 88' lang='lat' dir='ltr'>conantur</span> <span class='ocrx_word' id='word_1_100' title='bbox 322 2802 355 2859; x_wconf 91' lang='lat' dir='ltr'>et</span> <span class='ocrx_word' id='word_1_101' title='bbox 378 2794 507 2871; x_wconf 86' lang='lat' dir='ltr'>audent,</span> <span class='ocrx_word' id='word_1_102' title='bbox 527 2792 710 2856; x_wconf 85' lang='lat' dir='ltr'>minutatim</span> <span class='ocrx_word' id='word_1_103' title='bbox 732 2791 970 2877; x_wconf 83' lang='lat' dir='ltr'>³perexivimus.</span> <span class='ocrx_word' id='word_1_104' title='bbox 1021 2791 1068 2856; x_wconf 90' lang='lat' dir='ltr'>Et</span> <span class='ocrx_word' id='word_1_105' title='bbox 1089 2793 1292 2876; x_wconf 88' lang='lat' dir='ltr'>quemadmo-</span> 
     </span>
     <span class='ocr_line' id='line_1_17' title="bbox 142 2890 1293 2979; baseline -0.001 -21"><span class='ocrx_word' id='word_1_106' title='bbox 142 2895 217 2958; x_wconf 90' lang='lat' dir='ltr'>dum</span> <span class='ocrx_word' id='word_1_107' title='bbox 241 2893 454 2959; x_wconf 90' lang='lat' dir='ltr'>conditiouem</span> <span class='ocrx_word' id='word_1_108' title='bbox 476 2892 648 2957; x_wconf 89' lang='lat' dir='ltr'>secundum</span> <span class='ocrx_word' id='word_1_109' title='bbox 664 2892 834 2979; x_wconf 84' lang='lat' dir='ltr'>imaginem</span> <span class='ocrx_word' id='word_1_110' title='bbox 855 2890 1017 2955; x_wconf 87' lang='lat' dir='ltr'>invisibilis</span> <span class='ocrx_word' id='word_1_111' title='bbox 1039 2892 1125 2976; x_wconf 91' lang='lat' dir='ltr'>apud</span> <span class='ocrx_word' id='word_1_112' title='bbox 1148 2914 1202 2956; x_wconf 90' lang='lat' dir='ltr'>eos</span> <span class='ocrx_word' id='word_1_113' title='bbox 1220 2892 1293 2958; x_wconf 89' lang='lat' dir='ltr'>Ple-</span> 
     </span>
     <span class='ocr_line' id='line_1_18' title="bbox 140 2990 1292 3077; baseline -0.001 -19"><span class='ocrx_word' id='word_1_114' title='bbox 140 2994 274 3059; x_wconf 89' lang='lat' dir='ltr'>romatis</span> <span class='ocrx_word' id='word_1_115' title='bbox 300 2994 420 3059; x_wconf 82' lang='lat' dir='ltr'>iactam</span> <span class='ocrx_word' id='word_1_116' title='bbox 447 2992 567 3069; x_wconf 90' lang='lat' dir='ltr'>dicunt,</span> <span class='ocrx_word' id='word_1_117' title='bbox 594 3000 627 3057; x_wconf 91' lang='lat' dir='ltr'>et</span> <span class='ocrx_word' id='word_1_118' title='bbox 655 3000 776 3077; x_wconf 89' lang='lat' dir='ltr'>quanta</span> <span class='ocrx_word' id='word_1_119' title='bbox 805 2992 846 3056; x_wconf 90' lang='lat' dir='ltr'>de</span> <span class='ocrx_word' id='word_1_120' title='bbox 872 2990 1047 3077; x_wconf 85' lang='lat' dir='ltr'>Demiurgo</span> <span class='ocrx_word' id='word_1_121' title='bbox 1076 2991 1220 3057; x_wconf 89' lang='lat' dir='ltr'>sentiunt</span> <span class='ocrx_word' id='word_1_122' title='bbox 1253 3009 1292 3057; x_wconf 86' lang='lat' dir='ltr'>ac</span> 
     </span>
     <span class='ocr_line' id='line_1_19' title="bbox 141 3090 1293 3177; baseline -0.001 -20"><span class='ocrx_word' id='word_1_123' title='bbox 141 3095 266 3168; x_wconf 88' lang='lat' dir='ltr'>docent,</span> <span class='ocrx_word' id='word_1_124' title='bbox 292 3092 550 3168; x_wconf 87' lang='lat' dir='ltr'>renuntiavimus,</span> <span class='ocrx_word' id='word_1_125' title='bbox 577 3098 610 3156; x_wconf 88' lang='lat' dir='ltr'>et</span> <span class='ocrx_word' id='word_1_126' title='bbox 635 3092 847 3177; x_wconf 86' lang='lat' dir='ltr'>progenitoris</span> <span class='ocrx_word' id='word_1_127' title='bbox 873 3091 1013 3177; x_wconf 88' lang='lat' dir='ltr'>ipsorum</span> <span class='ocrx_word' id='word_1_128' title='bbox 1038 3091 1217 3156; x_wconf 88' lang='lat' dir='ltr'>doctrinam</span> <span class='ocrx_word' id='word_1_129' title='bbox 1243 3090 1293 3156; x_wconf 90' lang='lat' dir='ltr'>Si-</span> 
     </span>
     <span class='ocr_line' id='line_1_20' title="bbox 140 3189 1291 3279; baseline -0.001 -22"><span class='ocrx_word' id='word_1_130' title='bbox 140 3194 242 3258; x_wconf 88' lang='lat' dir='ltr'>monis</span> <span class='ocrx_word' id='word_1_131' title='bbox 259 3193 344 3279; x_wconf 89' lang='lat' dir='ltr'>magi</span> <span class='ocrx_word' id='word_1_132' title='bbox 366 3192 571 3267; x_wconf 86' lang='lat' dir='ltr'>Samaritani,</span> <span class='ocrx_word' id='word_1_133' title='bbox 591 3200 624 3257; x_wconf 91' lang='lat' dir='ltr'>et</span> <span class='ocrx_word' id='word_1_134' title='bbox 640 3189 780 3255; x_wconf 91' lang='lat' dir='ltr'>omnium</span> <span class='ocrx_word' id='word_1_135' title='bbox 804 3213 922 3265; x_wconf 90' lang='lat' dir='ltr'>eorum,</span> <span class='ocrx_word' id='word_1_136' title='bbox 942 3189 996 3276; x_wconf 91' lang='lat' dir='ltr'>qui</span> <span class='ocrx_word' id='word_1_137' title='bbox 1012 3198 1231 3256; x_wconf 87' lang='lat' dir='ltr'>successerunt</span> <span class='ocrx_word' id='word_1_138' title='bbox 1252 3192 1291 3269; x_wconf 92' lang='lat' dir='ltr'>ei,</span> 
     </span>
     <span class='ocr_line' id='line_1_21' title="bbox 140 3289 1293 3376; baseline -0.002 -19"><span class='ocrx_word' id='word_1_139' title='bbox 140 3293 419 3359; x_wconf 86' lang='lat' dir='ltr'>manifestavimus.</span> <span class='ocrx_word' id='word_1_140' title='bbox 468 3292 615 3356; x_wconf 84' lang='lat' dir='ltr'>Diximus</span> <span class='ocrx_word' id='word_1_141' title='bbox 648 3312 773 3375; x_wconf 87' lang='lat' dir='ltr'>quoque</span> <span class='ocrx_word' id='word_1_142' title='bbox 813 3289 1052 3356; x_wconf 89' lang='lat' dir='ltr'>multitudinem</span> <span class='ocrx_word' id='word_1_143' title='bbox 1085 3310 1205 3365; x_wconf 90' lang='lat' dir='ltr'>eorum,</span> <span class='ocrx_word' id='word_1_144' title='bbox 1238 3292 1293 3376; x_wconf 92' lang='lat' dir='ltr'>qui</span> 
     </span>
     <span class='ocr_line' id='line_1_22' title="bbox 140 3389 1293 3475; baseline -0.003 -17"><span class='ocrx_word' id='word_1_145' title='bbox 140 3400 216 3458; x_wconf 89' lang='lat' dir='ltr'>sunt</span> <span class='ocrx_word' id='word_1_146' title='bbox 241 3394 282 3457; x_wconf 90' lang='lat' dir='ltr'>ab</span> <span class='ocrx_word' id='word_1_147' title='bbox 307 3415 346 3457; x_wconf 95' lang='lat' dir='ltr'>eo</span> <span class='ocrx_word' id='word_1_148' title='bbox 368 3391 521 3465; x_wconf 85' lang='lat' dir='ltr'>Gnostici,</span> <span class='ocrx_word' id='word_1_149' title='bbox 549 3398 583 3456; x_wconf 93' lang='lat' dir='ltr'>et</span> <span class='ocrx_word' id='word_1_150' title='bbox 609 3390 803 3455; x_wconf 83' lang='lat' dir='ltr'>differentias</span> <span class='ocrx_word' id='word_1_151' title='bbox 831 3390 981 3475; x_wconf 89' lang='lat' dir='ltr'>ipsomm,</span> <span class='ocrx_word' id='word_1_152' title='bbox 1001 3396 1036 3453; x_wconf 89' lang='lat' dir='ltr'>et</span> <span class='ocrx_word' id='word_1_153' title='bbox 1060 3389 1232 3465; x_wconf 86' lang='lat' dir='ltr'>doctrinas,</span> <span class='ocrx_word' id='word_1_154' title='bbox 1259 3398 1293 3455; x_wconf 89' lang='lat' dir='ltr'>et</span> 
     </span>
     <span class='ocr_line' id='line_1_23' title="bbox 140 3487 1294 3575; baseline -0.003 -17"><span class='ocrx_word' id='word_1_155' title='bbox 140 3492 350 3558; x_wconf 86' lang='lat' dir='ltr'>successiones</span> <span class='ocrx_word' id='word_1_156' title='bbox 368 3491 598 3567; x_wconf 85' lang='lat' dir='ltr'>annotavimus,</span> <span class='ocrx_word' id='word_1_157' title='bbox 613 3512 746 3575; x_wconf 76' lang='lat' dir='ltr'>quaeque</span> <span class='ocrx_word' id='word_1_158' title='bbox 764 3492 805 3555; x_wconf 93' lang='lat' dir='ltr'>ab</span> <span class='ocrx_word' id='word_1_159' title='bbox 821 3490 866 3553; x_wconf 87' lang='lat' dir='ltr'>eis</span> <span class='ocrx_word' id='word_1_160' title='bbox 881 3490 1017 3553; x_wconf 69' lang='lat' dir='ltr'>haereses</span> <span class='ocrx_word' id='word_1_161' title='bbox 1038 3487 1195 3553; x_wconf 78' lang='lat' dir='ltr'>institutae</span> <span class='ocrx_word' id='word_1_162' title='bbox 1217 3494 1294 3555; x_wconf 85' lang='lat' dir='ltr'>sunt</span> 
     </span>
     <span class='ocr_line' id='line_1_24' title="bbox 140 3588 1294 3678; baseline -0.003 -21"><span class='ocrx_word' id='word_1_163' title='bbox 140 3614 249 3657; x_wconf 87' lang='lat' dir='ltr'>omnes</span> <span class='ocrx_word' id='word_1_164' title='bbox 277 3593 488 3678; x_wconf 88' lang='lat' dir='ltr'>exposuimus.</span> <span class='ocrx_word' id='word_1_165' title='bbox 540 3590 587 3656; x_wconf 88' lang='lat' dir='ltr'>Et</span> <span class='ocrx_word' id='word_1_166' title='bbox 616 3588 765 3676; x_wconf 90' lang='lat' dir='ltr'>quoniam</span> <span class='ocrx_word' id='word_1_167' title='bbox 797 3611 907 3654; x_wconf 90' lang='lat' dir='ltr'>omues</span> <span class='ocrx_word' id='word_1_168' title='bbox 940 3610 960 3654; x_wconf 89' lang='lat' dir='ltr'>a</span> <span class='ocrx_word' id='word_1_169' title='bbox 994 3588 1123 3653; x_wconf 89' lang='lat' dir='ltr'>Simone</span> <span class='ocrx_word' id='word_1_170' title='bbox 1150 3588 1294 3655; x_wconf 86' lang='lat' dir='ltr'>haeretioi</span> 
     </span>
     <span class='ocr_line' id='line_1_25' title="bbox 140 3688 1293 3777; baseline -0.003 -21"><span class='ocrx_word' id='word_1_171' title='bbox 140 3692 233 3757; x_wconf 90' lang='lat' dir='ltr'>initia</span> <span class='ocrx_word' id='word_1_172' title='bbox 261 3701 432 3766; x_wconf 89' lang='lat' dir='ltr'>sumentes,</span> <span class='ocrx_word' id='word_1_173' title='bbox 467 3691 565 3777; x_wconf 90' lang='lat' dir='ltr'>impia</span> <span class='ocrx_word' id='word_1_174' title='bbox 594 3699 628 3756; x_wconf 89' lang='lat' dir='ltr'>et</span> <span class='ocrx_word' id='word_1_175' title='bbox 660 3690 835 3775; x_wconf 87' lang='lat' dir='ltr'>irreligiosa</span> <span class='ocrx_word' id='word_1_176' title='bbox 860 3690 1013 3776; x_wconf 85' lang='lat' dir='ltr'>dogmata</span> <span class='ocrx_word' id='word_1_177' title='bbox 1038 3688 1234 3754; x_wconf 83' lang='lat' dir='ltr'>induxerunt</span> <span class='ocrx_word' id='word_1_178' title='bbox 1259 3689 1293 3753; x_wconf 92' lang='lat' dir='ltr'>in</span> 
     </span>
     <span class='ocr_line' id='line_1_26' title="bbox 141 3789 1294 3874; baseline -0.002 -20"><span class='ocrx_word' id='word_1_179' title='bbox 141 3792 223 3857; x_wconf 92' lang='lat' dir='ltr'>hauc</span> <span class='ocrx_word' id='word_1_180' title='bbox 240 3792 349 3867; x_wconf 90' lang='lat' dir='ltr'>vitam,</span> <span class='ocrx_word' id='word_1_181' title='bbox 368 3792 585 3863; x_wconf 87' lang='lat' dir='ltr'>ostendimus;</span> <span class='ocrx_word' id='word_1_182' title='bbox 611 3797 645 3854; x_wconf 89' lang='lat' dir='ltr'>et</span> <span class='ocrx_word' id='word_1_183' title='bbox 665 3790 894 3855; x_wconf 89' lang='lat' dir='ltr'>redemtionem</span> <span class='ocrx_word' id='word_1_184' title='bbox 911 3790 1060 3874; x_wconf 89' lang='lat' dir='ltr'>ipsorum,</span> <span class='ocrx_word' id='word_1_185' title='bbox 1079 3797 1113 3853; x_wconf 91' lang='lat' dir='ltr'>et</span> <span class='ocrx_word' id='word_1_186' title='bbox 1134 3789 1294 3874; x_wconf 92' lang='lat' dir='ltr'>quomodo</span> 
     </span>
     <span class='ocr_line' id='line_1_27' title="bbox 140 3887 1295 3978; baseline -0.003 -23"><span class='ocrx_word' id='word_1_187' title='bbox 140 3891 270 3957; x_wconf 88' lang='lat' dir='ltr'>initiant</span> <span class='ocrx_word' id='word_1_188' title='bbox 287 3914 341 3957; x_wconf 90' lang='lat' dir='ltr'>ecs</span> <span class='ocrx_word' id='word_1_189' title='bbox 363 3892 416 3978; x_wconf 92' lang='lat' dir='ltr'>qui</span> <span class='ocrx_word' id='word_1_190' title='bbox 434 3892 650 3977; x_wconf 83' lang='lat' dir='ltr'>perficiuntur,</span> <span class='ocrx_word' id='word_1_191' title='bbox 674 3896 708 3953; x_wconf 91' lang='lat' dir='ltr'>et</span> <span class='ocrx_word' id='word_1_192' title='bbox 729 3889 923 3953; x_wconf 83' lang='lat' dir='ltr'>⁴adsaticnes</span> <span class='ocrx_word' id='word_1_193' title='bbox 944 3909 1064 3963; x_wconf 89' lang='lat' dir='ltr'>eorum,</span> <span class='ocrx_word' id='word_1_194' title='bbox 1089 3896 1122 3952; x_wconf 88' lang='lat' dir='ltr'>et</span> <span class='ocrx_word' id='word_1_195' title='bbox 1142 3887 1295 3974; x_wconf 87' lang='lat' dir='ltr'>mysteria</span> 
     </span>
    </p>
   </div>
   <div class='ocr_carea' id='block_1_7' title="bbox 140 4071 1296 4221">
    <p class='ocr_par' dir='ltr' id='par_1_7' title="bbox 140 4071 1296 4221">
     <span class='ocr_line' id='line_1_28' title="bbox 189 4071 1296 4139; baseline -0.006 -12"><span class='ocrx_word' id='word_1_196' title='bbox 189 4079 198 4110; x_wconf 89' lang='lat'>¹</span> <span class='ocrx_word' id='word_1_197' title='bbox 217 4079 478 4139; x_wconf 68' lang='grc' dir='ltr'>Ψευδώνυμονγνῶσιν.</span> <span class='ocrx_word' id='word_1_198' title='bbox 507 4074 695 4139; x_wconf 81' lang='lat' dir='ltr'>TheApostla&#39;s</span> <span class='ocrx_word' id='word_1_199' title='bbox 743 4073 860 4123; x_wconf 67' lang='lat' dir='ltr'>Gunu’s</span> <span class='ocrx_word' id='word_1_200' title='bbox 875 4071 997 4134; x_wconf 68' lang='lat' dir='ltr'>judicarer</span> <span class='ocrx_word' id='word_1_201' title='bbox 1018 4072 1080 4121; x_wconf 76' lang='lat' dir='ltr'>with</span> <span class='ocrx_word' id='word_1_202' title='bbox 1100 4072 1151 4120; x_wconf 90' lang='lat' dir='ltr'>this</span> <span class='ocrx_word' id='word_1_203' title='bbox 1172 4071 1241 4120; x_wconf 73' lang='lat' dir='ltr'>word</span> <span class='ocrx_word' id='word_1_204' title='bbox 1262 4088 1296 4121; x_wconf 89' lang='lat' dir='ltr'>ou</span> 
     </span>
     <span class='ocr_line' id='line_1_29' title="bbox 140 4152 1295 4221; baseline -0.008 -12"><span class='ocrx_word' id='word_1_205' title='bbox 140 4167 212 4221; x_wconf 82' lang='lat' dir='ltr'>term,</span> <span class='ocrx_word' id='word_1_206' title='bbox 229 4160 311 4209; x_wconf 73' lang='lat' dir='ltr'>rutm.</span> <span class='ocrx_word' id='word_1_207' title='bbox 325 4160 357 4209; x_wconf 89' lang='lat' dir='ltr'>vi.</span> <span class='ocrx_word' id='word_1_208' title='bbox 372 4174 411 4208; x_wconf 78' lang='lat'>20.</span> <span class='ocrx_word' id='word_1_209' title='bbox 743 4155 786 4203; x_wconf 82' lang='lat' dir='ltr'>the</span> <span class='ocrx_word' id='word_1_210' title='bbox 808 4153 935 4218; x_wconf 84' lang='lat' dir='ltr'>authority</span> <span class='ocrx_word' id='word_1_211' title='bbox 956 4154 985 4201; x_wconf 82' lang='lat' dir='ltr'>of</span> <span class='ocrx_word' id='word_1_212' title='bbox 1000 4154 1044 4201; x_wconf 85' lang='lat' dir='ltr'>the</span> <span class='ocrx_word' id='word_1_213' title='bbox 1066 4152 1209 4201; x_wconf 70' lang='lat' dir='ltr'>Gutum</span> <span class='ocrx_word' id='word_1_214' title='bbox 1226 4152 1295 4214; x_wconf 64' lang='lat' dir='ltr'>MS,</span> 
     </span>
    </p>
   </div>
   <div class='ocr_carea' id='block_1_8' title="bbox 140 4234 1297 4467">
    <p class='ocr_par' dir='ltr' id='par_1_8' title="bbox 140 4234 1297 4467">
     <span class='ocr_line' id='line_1_30' title="bbox 189 4234 1295 4305; baseline -0.005 -16"><span class='ocrx_word' id='word_1_215' title='bbox 189 4241 326 4290; x_wconf 71' lang='lat' dir='ltr'>&#39;Written</span> <span class='ocrx_word' id='word_1_216' title='bbox 349 4240 458 4305; x_wconf 83' lang='lat' dir='ltr'>possibly</span> <span class='ocrx_word' id='word_1_217' title='bbox 475 4240 501 4287; x_wconf 89' lang='lat' dir='ltr'>A</span> <span class='ocrx_word' id='word_1_218' title='bbox 519 4238 541 4287; x_wconf 91' lang='lat' dir='ltr'>B</span> <span class='ocrx_word' id='word_1_219' title='bbox 559 4254 586 4286; x_wconf 84' lang='lat' dir='ltr'>as</span> <span class='ocrx_word' id='word_1_220' title='bbox 606 4238 631 4285; x_wconf 92' lang='lat' dir='ltr'>in</span> <span class='ocrx_word' id='word_1_221' title='bbox 649 4238 692 4286; x_wconf 89' lang='lat' dir='ltr'>the</span> <span class='ocrx_word' id='word_1_222' title='bbox 741 4236 785 4285; x_wconf 86' lang='lat' dir='ltr'>the</span> <span class='ocrx_word' id='word_1_223' title='bbox 812 4236 893 4286; x_wconf 85' lang='lat' dir='ltr'>Voss.</span> <span class='ocrx_word' id='word_1_224' title='bbox 927 4252 991 4299; x_wconf 83' lang='lat' dir='ltr'>copy</span> <span class='ocrx_word' id='word_1_225' title='bbox 1027 4235 1122 4298; x_wconf 83' lang='lat' dir='ltr'>having</span> <span class='ocrx_word' id='word_1_226' title='bbox 1153 4234 1295 4296; x_wconf 75' lang='lat' dir='ltr'>effodiam.</span> 
     </span>
     <span class='ocr_line' id='line_1_31' title="bbox 140 4315 1297 4390; baseline -0.01 -16"><span class='ocrx_word' id='word_1_227' title='bbox 140 4326 274 4390; x_wconf 84' lang='lat' dir='ltr'>preceding</span> <span class='ocrx_word' id='word_1_228' title='bbox 283 4326 356 4384; x_wconf 88' lang='lat' dir='ltr'>hoolr,</span> <span class='ocrx_word' id='word_1_229' title='bbox 369 4320 572 4387; x_wconf 82' lang='lat' dir='ltr'>p.r47,16a,r77.</span> <span class='ocrx_word' id='word_1_230' title='bbox 605 4322 692 4369; x_wconf 84' lang='lat' dir='ltr'>Hence</span> <span class='ocrx_word' id='word_1_231' title='bbox 743 4317 993 4381; x_wconf 83' lang='lat' dir='ltr'>Allusionisclaarly</span> <span class='ocrx_word' id='word_1_232' title='bbox 1002 4315 1114 4365; x_wconf 84' lang='lat' dir='ltr'>madata</span> <span class='ocrx_word' id='word_1_233' title='bbox 1127 4316 1297 4380; x_wconf 77' lang='lat' dir='ltr'>themystical</span> 
     </span>
     <span class='ocr_line' id='line_1_32' title="bbox 140 4398 1295 4467; baseline -0.009 -11"><span class='ocrx_word' id='word_1_234' title='bbox 140 4408 183 4456; x_wconf 84' lang='lat' dir='ltr'>the</span> <span class='ocrx_word' id='word_1_235' title='bbox 195 4408 304 4467; x_wconf 67' lang='lat' dir='ltr'>Carsu„</span> <span class='ocrx_word' id='word_1_236' title='bbox 316 4406 396 4455; x_wconf 90' lang='lat' dir='ltr'>Voss.</span> <span class='ocrx_word' id='word_1_237' title='bbox 410 4405 460 4453; x_wconf 77' lang='lat' dir='ltr'>and</span> <span class='ocrx_word' id='word_1_238' title='bbox 472 4404 560 4453; x_wconf 82' lang='lat' dir='ltr'>Maso.</span> <span class='ocrx_word' id='word_1_239' title='bbox 573 4415 603 4452; x_wconf 88' lang='lat'>11.</span> <span class='ocrx_word' id='word_1_240' title='bbox 613 4403 689 4452; x_wconf 84' lang='lat' dir='ltr'>MSS.</span> <span class='ocrx_word' id='word_1_241' title='bbox 741 4402 822 4451; x_wconf 80' lang='lat' dir='ltr'>words</span> <span class='ocrx_word' id='word_1_242' title='bbox 838 4400 900 4450; x_wconf 85' lang='lat' dir='ltr'>used</span> <span class='ocrx_word' id='word_1_243' title='bbox 917 4401 952 4464; x_wconf 82' lang='lat' dir='ltr'>by</span> <span class='ocrx_word' id='word_1_244' title='bbox 969 4401 1011 4448; x_wconf 84' lang='lat' dir='ltr'>t-he</span> <span class='ocrx_word' id='word_1_245' title='bbox 1028 4398 1190 4457; x_wconf 81' lang='lat' dir='ltr'>Marcosians,</span> <span class='ocrx_word' id='word_1_246' title='bbox 1212 4414 1253 4446; x_wconf 86' lang='lat' dir='ltr'>see</span> <span class='ocrx_word' id='word_1_247' title='bbox 1274 4410 1295 4447; x_wconf 89' lang='lat'>1.</span> 
     </span>
    </p>
   </div>
   <div class='ocr_carea' id='block_1_9' title="bbox 140 4480 1297 4633">
    <p class='ocr_par' dir='ltr' id='par_1_9' title="bbox 140 4480 1297 4633">
     <span class='ocr_line' id='line_1_33' title="bbox 140 4480 1297 4551; baseline -0.01 -13"><span class='ocrx_word' id='word_1_248' title='bbox 140 4490 204 4539; x_wconf 83' lang='lat' dir='ltr'>have</span> <span class='ocrx_word' id='word_1_249' title='bbox 215 4490 299 4551; x_wconf 76' lang='lat' dir='ltr'>Alphe</span> <span class='ocrx_word' id='word_1_250' title='bbox 310 4496 330 4537; x_wconf 81' lang='lat' dir='ltr'>et</span> <span class='ocrx_word' id='word_1_251' title='bbox 342 4490 411 4538; x_wconf 76' lang='lat' dir='ltr'>Bata.</span> <span class='ocrx_word' id='word_1_252' title='bbox 742 4485 792 4533; x_wconf 85' lang='lat' dir='ltr'>xiv.</span> <span class='ocrx_word' id='word_1_253' title='bbox 813 4482 827 4539; x_wconf 67' lang='lat'><strong>5</strong></span> <span class='ocrx_word' id='word_1_254' title='bbox 839 4497 862 4542; x_wconf 81' lang='lat' dir='ltr'>a,</span> <span class='ocrx_word' id='word_1_255' title='bbox 877 4500 900 4543; x_wconf 80' lang='lat'>⁴·</span> <span class='ocrx_word' id='word_1_256' title='bbox 938 4481 991 4530; x_wconf 85' lang='lat' dir='ltr'>&#39;I&#39;ha</span> <span class='ocrx_word' id='word_1_257' title='bbox 1001 4482 1093 4529; x_wconf 86' lang='lat' dir='ltr'>author</span> <span class='ocrx_word' id='word_1_258' title='bbox 1103 4480 1209 4544; x_wconf 80' lang='lat' dir='ltr'>perhaps</span> <span class='ocrx_word' id='word_1_259' title='bbox 1220 4485 1297 4529; x_wconf 80' lang='lat' dir='ltr'>wrote</span> 
     </span>
     <span class='ocr_line' id='line_1_34' title="bbox 189 4561 1295 4633; baseline -0.008 -13"><span class='ocrx_word' id='word_1_260' title='bbox 189 4570 200 4602; x_wconf 79' lang='lat'>³</span> <span class='ocrx_word' id='word_1_261' title='bbox 213 4570 381 4633; x_wconf 66' lang='lat' dir='ltr'>permiti-rrius.</span> <span class='ocrx_word' id='word_1_262' title='bbox 417 4568 503 4618; x_wconf 68' lang='lat' dir='ltr'>Graece</span> <span class='ocrx_word' id='word_1_263' title='bbox 514 4570 673 4628; x_wconf 77' lang='grc' dir='ltr'>διεξήλθομεν.</span> <span class='ocrx_word' id='word_1_264' title='bbox 743 4567 889 4629; x_wconf 73' lang='grc' dir='ltr'>προρρήσεις,</span> <span class='ocrx_word' id='word_1_265' title='bbox 902 4565 984 4614; x_wconf 78' lang='lat' dir='ltr'>which</span> <span class='ocrx_word' id='word_1_266' title='bbox 994 4566 1038 4614; x_wconf 85' lang='lat' dir='ltr'>the</span> <span class='ocrx_word' id='word_1_267' title='bbox 1049 4562 1185 4613; x_wconf 77' lang='lat' dir='ltr'>translator</span> <span class='ocrx_word' id='word_1_268' title='bbox 1198 4561 1257 4611; x_wconf 84' lang='lat' dir='ltr'>read</span> <span class='ocrx_word' id='word_1_269' title='bbox 1268 4578 1295 4612; x_wconf 84' lang='lat' dir='ltr'>as</span> 
     </span>
    </p>
   </div>
   <div class='ocr_carea' id='block_1_10' title="bbox 190 4649 892 4715">
    <p class='ocr_par' dir='ltr' id='par_1_10' title="bbox 190 4649 892 4715">
     <span class='ocr_line' id='line_1_35' title="bbox 190 4649 892 4715; baseline -0.009 -13"><span class='ocrx_word' id='word_1_270' title='bbox 190 4652 200 4683; x_wconf 85' lang='lat'><strong>⁴</strong></span> <span class='ocrx_word' id='word_1_271' title='bbox 228 4652 372 4715; x_wconf 68' lang='lat' dir='ltr'>adjetione.</span> <span class='ocrx_word' id='word_1_272' title='bbox 423 4651 552 4700; x_wconf 68' lang='lat' dir='ltr'>Missum</span> <span class='ocrx_word' id='word_1_273' title='bbox 584 4650 692 4714; x_wconf 84' lang='lat' dir='ltr'>replaees</span> <span class='ocrx_word' id='word_1_274' title='bbox 742 4649 892 4710; x_wconf 72' lang='grc' dir='ltr'><strong><em>πρωρήσεις.</em></strong></span> 
     </span>
    </p>
   </div>
   <div class='ocr_carea' id='block_1_11' title="bbox 0 0 1618 5184">
    <p class='ocr_par' dir='ltr' id='par_1_11' title="bbox 0 0 1618 5184">
     <span class='ocr_line' id='line_1_36' title="bbox 0 0 1618 5184; baseline 0 0"><span class='ocrx_word' id='word_1_275' title='bbox 0 0 1618 5184; x_wconf 95' lang='lat' dir='ltr'> </span> 
     </span>
    </p>
   </div>
  </div>
 </body>
</html>
