3225 5184
441 408 709 464 COMPENDIOSA
735 411 962 468 REFUTATIO.
1201 403 1267 468 369

1314 591 1368 632 mn.
1376 594 1407 633 11.

1313 639 1379 678 xlviii.
1390 641 1406 678 Ι.

548 695 648 763 one.
672 695 841 764 xnvm.
1297 685 1425 771 arant

1317 779 1375 816 1¹¹1.
1384 780 1400 817 1.

1284 849 1431 860 ι--..-

107 853 303 944 Quomodo
321 880 365 930 oo
382 881 461 955 quor
477 854 653 931 aduersus
672 855 904 932 Valentinum
923 853 1107 951 dicuntur,
1127 883 1268 932 omnem

515 987 675 1048 evertunt
700 974 862 1049 borona.

179 1141 210 1203 1.
255 1137 468 1202 Dnsrnucrrs
502 1138 608 1224 itaque
641 1138 691 1204 his
725 1139 778 1224 qui
812 1162 832 1205 a
861 1138 1031 1206 Valentino
1056 1149 1139 1220 sunt,
1166 1142 1268 1208 omnis

106 1239 330 1306 haereticorum
342 1263 448 1306 eversa
459 1251 507 1307 eet
522 1241 697 1307 multitudo.
721 1242 799 1323 Quae
811 1243 939 1307 enimet
954 1254 1105 1328 quantum
1119 1245 1267 1312 adversus

109 1342 260 1408 Pleroma
280 1343 417 1429 ipsorum
432 1353 465 1409 et
486 1345 527 1409 ad
547 1367 585 1428 ea
606 1367 676 1429 quae
694 1353 784 1411 extra
806 1355 881 1410 sunt
901 1345 1046 1424 diximus,
1067 1349 1267 1414 ostendentes

107 1447 260 1531 quoniam
274 1449 475 1514 concludetur
496 1457 528 1514 et
545 1448 814 1514 circumscribetur
834 1449 931 1514 Pater
948 1449 1158 1516 universorum
1174 1453 1267 1516 abeo

107 1550 196 1635 quod
211 1560 301 1616 extra
317 1572 389 1615 eum
400 1559 459 1629 est,
473 1550 515 1638 (si
531 1560 636 1616 tamen
651 1559 740 1616 extra
754 1574 825 1617 eum
841 1551 957 1637 aliquid
979 1552 1056 1633 sit),
1074 1561 1106 1617 et
1120 1554 1265 1638 quoniam

107 1674 239 1718 necesse
261 1661 309 1718 est
330 1651 446 1718 multos
469 1651 593 1738 quidem
617 1651 739 1732 Patres,
766 1653 865 1718 multa
891 1661 998 1718 autem
1020 1652 1208 1734 Pleromate,
1233 1665 1266 1719 et

107 1759 226 1823 multas
240 1759 424 1823 mundorum
439 1758 666 1834 fabricationes,
677 1759 732 1824 lab
743 1758 813 1822 aliis
827 1759 951 1844 quidem
963 1766 1083 1843 coeptas
1097 1759 1137 1824 ad
1151 1759 1266 1825 alteras

107 1871 217 1927 autem
239 1861 428 1940 deficientes,
452 1884 521 1928 esse
541 1863 712 1928 secundum
735 1885 859 1928 omnem
882 1871 1024 1950 partem;
1052 1873 1085 1928 et
1106 1865 1266 1930 universos

108 1973 344 2050 perseverantes
358 1965 389 2029 iu
404 1965 469 2032 suis
483 1967 623 2053 propriis,
639 1988 701 2031 nou
716 1966 836 2031 curiose
850 1989 943 2054 agere
958 1966 997 2031 de
1011 1965 1090 2045 aliis,
1106 1967 1138 2031 in
1154 1967 1265 2054 quibus

108 2091 211 2156 neque
220 2068 425 2156 participatio,
438 2091 538 2156 neque
553 2070 728 2136 communio
738 2070 843 2156 aliqua
856 2080 906 2136 est
920 2069 981 2144 eis3
996 2077 1029 2136 et
1041 2070 1158 2135 nullum
1169 2070 1265 2137 alium

109 2171 250 2236 omnium
271 2193 340 2238 csse
355 2171 469 2252 Deum,
485 2171 541 2237 sed
560 2171 658 2238 solam
673 2193 742 2236 esse
758 2172 983 2256 omnipotentis
1002 2171 1261 2259 appellationem:

23 2301 33 2338 ¹.
45 2299 87 2339 rer.
109 2282 143 2340 ct
157 2274 305 2338 adversus
319 2295 373 2339 eos
388 2273 440 2358 qui
455 2282 529 2338 sunt
542 2295 563 2338 a
580 2275 750 2352 Marcione,
766 2283 799 2338 et
816 2273 952 2353 Simone,
964 2283 997 2338 et
1014 2275 1200 2355 Menandro,
1216 2275 1264 2340 vel

109 2379 285 2465 quicunque
299 2377 351 2443 alii
366 2387 449 2456 sunt,
466 2379 518 2464 qui
533 2379 674 2445 similiter
688 2378 830 2443 dividunt
847 2399 917 2442 earn
936 2399 1006 2462 quae
1020 2379 1191 2444 secundum
1206 2401 1264 2446 uos

109 2491 159 2548 est
174 2482 382 2548 conditionem
397 2504 417 2546 a
433 2483 539 2560 Patre,
554 2481 696 2547 similiter
713 2481 772 2546 erit
794 2481 854 2544 ²ad
871 2502 926 2545 eos
946 2488 1100 2565 aptatum.
1138 2482 1263 2562 Quanta

109 2595 215 2650 autem
230 2607 336 2650 rursus
350 2584 485 2649 diximus
499 2585 646 2649 adversus
660 2606 724 2662 eos,
735 2585 787 2669 qui
802 2583 910 2648 dicunt
921 2583 1025 2648 omnia
1040 2584 1164 2670 quidem
1178 2607 1259 2649 com·

109 2688 299 2775 prehendere
320 2688 448 2752 Patrem
467 2687 692 2762 universorum;
716 2708 786 2751 eam
811 2695 916 2750 autem
942 2687 1071 2770 quaesit
1092 2689 1261 2752 secundum

108 2813 167 2857 noe
193 2789 403 2856 conditionem
424 2811 487 2854 non
504 2789 544 2853 ab
567 2810 605 2854 eo
628 2811 697 2854 esse
715 2789 841 2865 iactam,
861 2788 918 2852 sed
937 2811 958 2853 a
978 2787 1106 2854 Virtute
1126 2791 1259 2874 quadam

107 2894 224 2968 altera;
255 2890 303 2956 vel
329 2893 369 2956 ab
395 2891 528 2979 Angelis
556 2891 772 2978 ignorantibus
802 2890 1019 2975 Propatorem,
1042 2890 1075 2954 iu
1107 2891 1260 2959 immensa

108 2995 320 3083 magnitudine
335 2993 545 3060 universitatis
559 2993 826 3078 circumscriptum
848 2993 946 3058 centri
961 2992 1036 3071 vice,
1051 2994 1135 3059 velut
1154 3017 1258 3062 macu-

107 3098 212 3163 lumin
228 3097 335 3184 pallio;
352 3097 552 3162 ostendentes
566 3096 712 3182 quoniam
727 3117 790 3160 non
804 3103 854 3160 est
868 3095 1031 3162 verisimile
1044 3097 1139 3162 alium
1152 3121 1257 3184 quem·

108 3201 179 3265 dam
193 3223 262 3264 eam
278 3222 347 3287 qum
360 3199 530 3264 secundum
545 3220 602 3263 noe
616 3207 665 3263 est
680 3197 889 3263 conditionem
900 3199 1011 3263 iecisse
1025 3222 1118 3284 quam
1129 3201 1256 3266 Patrem

107 3295 336 3380 universorum
360 3313 394 3369 et
407 3304 555 3368 adversus
569 3324 623 3368 eos
639 3302 691 3388 qui
707 3311 815 3366 sunta
830 3301 1009 3380 Saturnino,
1025 3311 1058 3366 et
1075 3325 1095 3367 a
1110 3302 1256 3386 Basilide,

107 3417 139 3473 et
153 3408 350 3494 carpocrate,
362 3415 394 3472 et
408 3405 542 3493 reliquos
557 3406 786 3485 Gnosticorum,
799 3405 852 3492 qui
866 3404 975 3470 eadem
989 3405 1130 3470 similiter
1138 3405 1255 3486 dicunt,

107 3513 186 3578 idem
195 3513 325 3578 dicetur.
350 3513 429 3594 Quae
443 3519 550 3576 autem
564 3511 603 3576 de
618 3509 842 3597 prolationibus
856 3509 940 3575 dicta
952 3519 1036 3590 sunt,
1045 3512 1257 3590 ctAEonibus,

108 3625 140 3681 et
169 3614 423 3692 deminoratione,
450 3623 483 3679 et
508 3614 768 3701 quemadmodum
795 3613 950 3678 instabilis
977 3613 1084 3678 Mater
1108 3613 1255 3699 ipsorum,

108 3719 246 3786 similiter
269 3718 398 3784 ⁸cvertit
421 3717 601 3794 Basilidem,
630 3724 662 3782 et
685 3715 870 3803 omnesqui
895 3715 974 3782 falso
998 3716 1256 3805 cognominautru

108 3823 287 3912 ⁴agnitoree,
302 3822 372 3886 aliis
385 3821 562 3886 nominibus
577 3820 686 3886 eadem
700 3818 843 3885 similiter
856 3819 1010 3894 dicentes;
1035 3820 1136 3907 magis
1149 3830 1256 3886 autem

109 3949 198 4014 quam
235 3923 268 3990 hi
293 3923 367 4012 ⁵qui
396 3945 435 3990 ea
466 3945 536 4011 quae
564 3931 639 3989 sunt
663 3931 754 3987 extra
779 3921 942 3986 veritatem
964 3922 1187 3989 transferentes
1214 3925 1256 3990 ad

22 4061 36 4100 r.
48 4059 86 4098 no.
108 4031 314 4096 characterem
328 4050 394 4094 euae
410 4028 569 4092 doctrinae.
608 4024 653 4089 Et
667 4044 861 4110 quaecunque
879 4032 954 4089 suut
973 4046 1043 4109 quae
1063 4025 1101 4089 de
1119 4027 1256 4092 numeris

107 4134 247 4212 diximus,
262 4132 411 4198 adversus
425 4151 543 4210 omnes,
559 4129 611 4216 qui
626 4130 658 4194 in
672 4129 851 4216 hujusmodi
864 4129 1001 4216 speciem
1015 4131 1172 4197 deducunt
1185 4154 1254 4220 quae

153 4306 162 4340 ¹
179 4310 205 4366 ἐξ
220 4309 303 4355 ἄλλων
316 4307 360 4365 aa
372 4305 513 4368 ἀρχομένας,
531 4307 563 4355 etr
578 4305 656 4354 mar
750 4301 761 4333 ⁵
778 4301 822 4363 qui
832 4301 854 4349 is
865 4301 943 4350 found
953 4301 980 4350 in
990 4301 1025 4350 all
1036 4302 1112 4351 MSS.
1136 4304 1199 4368 May
1210 4311 1256 4354 not

108 4387 132 4434 δὲ
142 4385 319 4446 ἀποληγούσας.
350 4385 388 4434 Ol.
402 4395 432 4433 11.
448 4399 469 4434 ι.
702 4385 751 4432 τῶν
761 4383 825 4432 have
835 4383 908 4432 stood
918 4383 957 4432 ior
967 4385 1059 4433 τούτων
1067 4385 1116 4448 (ecc
1126 4402 1151 4449 p.
1161 4401 1184 4447 a,
1194 4403 1219 4436 n.
1229 4389 1254 4447 5)

152 4461 163 4496 ¹
178 4463 214 4512 cd
225 4477 269 4522 cor,
283 4461 404 4526 applying
414 4467 441 4511 to
453 4460 587 4525 quicunqne
598 4459 653 4510 ulii.
702 4465 729 4514 in
752 4465 794 4514 the
816 4465 944 4528 following
970 4481 1082 4530 pasuage,
1110 4469 1205 4526 μᾶλλον
1229 4471 1255 4518 n

152 4542 162 4576 ³
178 4545 365 4606 d—drarptrrr.
703 4549 758 4607 τῶν,
771 4548 804 4595 τὰ
815 4549 861 4606 ἔξω
871 4549 915 4606 τῆς
931 4548 1044 4607 ἀληθείας
1060 4551 1255 4612 anemonas?

152 4625 162 4658 ⁴
177 4624 312 4688 Agnitom,
332 4626 466 4687 γνωστικοί
703 4629 735 4676 τὰ
746 4629 798 4689 ἔξω,
815 4628 906 4677 Gaude
913 4629 1065 4692 philosophy.
