3225 5184
628 401 843 456 vnnrrarrs.
1264 386 1314 468 91

788 560 797 587 b
853 557 862 584 λ
927 558 936 584 Ι

160 557 295 640 κοίτην
317 558 352 628 ἔκ
370 557 607 658 Παρθένου’
565 587 722 650 γεννησιν,
744 591 798 630 και
822 591 866 631 το
888 564 1004 698 πρθος,
1030 561 1084 632 καί
1103 562 1165 644 τὴν
1183 563 1318 661 ἔγερσιν
1348 575 1459 664 lfflffl·

1302 668 1482 712 lim-Lai.

1328 742 1477 756 ἡ

161 669 195 740 ἐκ
227 675 350 768 νεκρῶν,
374 671 429 741 καί
459 671 520 753 τὴν
542 673 701 771 ἔνσαρκον
724 673 767 748 είς
788 672 865 748 τοὺς
888 673 1039 771 οῦρανοῦς
1059 670 1233 770 ἀνάληψιν
1255 705 1317 746 του

162 784 372 874 ’γαπημίνου
389 781 550 883 Χριστοῦ
564 784 677 866 Ἰησοῦ
697 814 759 854 του
745 783 947 883 Kopion
930 789 1025 868 ημῶν,
1043 786 1098 856 καί
1118 818 1180 869 την
1196 787 1231 856 ἐκ
1250 792 1317 858 τῶν

160 895 303 992 οῦρανῶν
330 895 363 964 ἕν
390 897 433 990 τῇ
459 893 538 990 όόξη
570 902 632 968 τοῦ
665 894 809 995 Πατρός
838 898 1024 995 παρουσίαν
1054 896 1157 970 αῦτοῦ
1187 898 1243 968 ε’πί
1271 897 1317 970 τό

161 1007 524 1106 ἀνακεφαλαιώσασθαι
553 1005 598 1081 τά
628 1005 748 1092 πάντα,
772 1008 826 1078 καί
850 1008 1040 1091 ἀναστῆσαι
1066 1012 1180 1080 πᾶσαν
1207 1007 1316 1110 σάρκα
1329 1038 1403 1080 νει.

161 1116 270 1201 πόσης
289 1117 555 1219 ἀνθρωπόπητος,
574 1121 627 1191 ’ίνα
644 1119 792 1217 Χριστῷ
807 1119 923 1203 Ἰησοῦ
939 1123 989 1209 τῷ
1007 1121 1122 1220 Κυρίῳ
1147 1126 1242 1207 ἡμῶν,
1262 1124 1317 1194 καί

161 1231 245 1320 θεῷ,
263 1231 317 1302 καί
336 1233 479 1332 Σωτῆρι,
497 1231 551 1303 καί
570 1233 725 1316 Βασιλεῖ,
745 1231 832 1303 κατὰ
850 1234 910 1316 τὴν
927 1230 1071 1304 εὐδοκίαν
1090 1240 1154 1306 ποῦ
1174 1232 1318 1335 Πατρός

161 1347 224 1414 τοῦ
244 1340 402 1442 ἀοράτου,
425 1347 492 1415 πᾶν
522 1347 602 1436 γόνυ
626 1341 749 1440 κάμψῃ
778 1345 975 1445 ἐπουρανίων
1000 1347 1054 1416 καί
1080 1348 1233 1437 ἐπιγείων
1261 1347 1315 1419 καί

162 1457 400 1555 καταχθονίων,
430 1457 484 1528 καί
513 1459 609 1527 πᾶσα
636 1459 782 1548 γλιῦσσο
813 1455 1107 1551 ἐξομολογήσηται
1137 1459 1234 1548 aristi,
1261 1459 1316 1530 καί

162 1569 269 1667 κρίσιν
288 1567 413 1640 δικαίαν
435 1571 468 1640 ἐν
487 1579 557 1646 τοῖς
575 1571 659 1640 πᾶσι
681 1574 871 1652 ποιήσηται·
898 1567 942 1642 τά
960 1567 1019 1654 μὲν
1038 1569 1239 1654 πνευματικά
1256 1579 1316 1655 τῆς

163 1681 327 1780 πονηρίας,
349 1681 402 1750 καὶ
430 1682 597 1774 ἀγγελους
625 1675 740 1787 [ποῦς]
771 1683 1064 1781 παραβεβηκότας,
1094 1683 1147 1753 καί
1172 1684 1206 1754 όν
1231 1684 1317 1754 ιἰπο-

162 1794 290 1884 στασίᾳ
311 1795 506 1885 γεγονότας,
525 1793 580 1865 καί
599 1793 676 1871 τοὺς
702 1793 844 1882 ἀσεβεῖς,
864 1794 917 1864 καί
937 1792 1071 1878 ἀδίκους,
1089 1794 1143 1866 καί
1167 1795 1314 1880 ἀνόμους,

162 1904 215 1974 καί
244 1906 472 2006 βλασφήμους
500 1912 567 1978 πῶν
596 1905 774 2004 ἀνθρώπων
800 1907 844 1982 εἷς
868 1904 912 1978 τό
941 1908 1068 1978 αι’όνιον
1093 1913 1157 2006 πῦρ
1180 1907 1314 2004 πὲμψη·

161 2026 233 2094 τοῖς
253 2015 288 2088 δὲ
308 2016 449 2103 δικαίοις,
469 2019 522 2090 καί
542 2018 655 2102 ὁσίοις,
673 2017 726 2088 καί
748 2014 810 2094 πάς
828 2016 967 2094 ε’ντολάς
985 2019 1088 2092 αῦτοῦ
1105 2021 1315 2118 τετηρηκότι,
1327 2046 1463 2090 summu

161 2129 214 2200 καί
232 2130 265 2199 ἐν
282 2139 330 2224 τῇ
354 2127 470 2226 ἀγάπη
502 2133 603 2204 αὐτοῦ
629 2129 876 2214 όιαμεμενηκόσι
904 2139 976 2207 τοῖς
1000 2125 1099 2236 [μὲν]
1126 2131 1185 2202 ἀπ’
1202 2131 1314 2231 ἀρχῆς,

61 2269 134 2309 rme
161 2251 233 2318 τοῖς
263 2239 297 2312 δὲ
327 2245 361 2313 ἐκ
391 2245 574 2327 μετανοίας,
606 2242 688 2343 ζωὴν
714 2240 957 2341 ιχαρισάμενος
989 2244 1186 2344 ἀφθαρσίαν
1217 2242 1319 2344 δωρη-

161 2385 271 2438 σηται,
293 2355 346 2426 καί
367 2353 467 2450 δόξαν
485 2354 612 2426 αἰωνίαν
629 2358 839 2454 περιποιήση.

161 2553 381 2640 dispositiones
410 2553 482 2638 Dei,
508 2562 542 2621 et
570 2555 751 2632 adventum,
778 2561 813 2620 et
839 2576 1016 2642 eamque
1038 2565 1153 2621 estex
1179 2554 1316 2642 Virgine

161 2654 408 2740 generationem,
426 2661 460 2720 eb
477 2655 663 2741 passionem,
682 2662 716 2720 et
742 2653 1008 2720 resurrectionem
1025 2654 1204 2728 amortuis,
1221 2664 1256 2720 et
1280 2654 1313 2719 in

162 2774 257 2818 earne
283 2753 315 2817 in
340 2754 436 2820 eoelos
458 2755 672 2820 assensionem
687 2753 795 2819 dilecti
813 2751 838 2816 J
839 2776 894 2818 esu
912 2753 1031 2819 Christi
1051 2752 1180 2819 Domini
1202 2754 1312 2829 nostri,

161 2860 195 2918 et
218 2853 259 2917 de
284 2853 371 2918 ooelis
393 2854 426 2918 in
448 2854 551 2941 gloria
574 2852 683 2919 Patris
706 2852 879 2919 adventum
903 2854 982 2940 ejus,
1008 2853 1050 2918 ad
1073 2851 1312 2938 recapitulando
1326 2866 1460 2916 aenaim

161 2952 315 3029 universa,
333 2961 366 3018 et
391 2953 641 3018 resuscitandam
664 2975 790 3018 omnem
815 2975 944 3019 earnem
966 2950 1096 3018 humani
1119 2953 1254 3040 generis,
1275 2961 1313 3020 ut

162 3051 290 3118 Christo
316 3050 397 3118 Jesu
423 3051 563 3118 Domino
585 3061 749 3126 nostroe
751 3049 874 3128 tDeo,
900 3060 934 3118 et
962 3052 1129 3127 Salvatori,
1157 3059 1189 3118 et
1218 3051 1311 3140 Regi,

160 3152 332 3216 seeundum
349 3152 500 3238 placitum
520 3151 627 3216 Patris
646 3151 810 3216 invisibilis
831 3175 915 3216 ουυιο
926 3173 1007 3237 μιαν
1023 3161 1126 3216 curva
1142 3154 1310 3226 celestium,
1324 3167 1446 3250 mulo

160 3259 190 3316 et
213 3253 361 3316 terrestre
351 3274 411 3322 sm
429 3261 457 3318 st
481 3253 683 3337 insumerem
711 3262 738 3315 st
763 3251 861 3316 omnis
886 3251 993 3336 ἶίιιριια
1017 3253 1192 3335 eonfitemur
1221 3251 1259 3326 ei,
1278 3213 1363 3316 eta

156 3349 336 3435 judicium
322 3351 470 3437 Justum
461 3373 494 3416 ιο
509 3351 653 3416 omnibus
670 3350 781 3416 faeiat:
800 3351 960 3436 spiritalia
973 3349 1100 3435 quidem
1112 3349 1263 3434 nequities,
1278 3357 1312 3416 et
1324 3365 1398 3414 uhu
1407 3365 1435 3404 τι
1445 3366 1475 3404 ιι-

160 3451 288 3536 angelos
318 3453 557 3537 'transgressos
591 3457 688 3535 atque
722 3457 886 3535 apostatas
913 3450 1024 3526 faetos,
1058 3455 1092 3512 et
1125 3447 1249 3533 impios,
1278 3458 1312 3514 et

159 3549 302 3635 injustos,
321 3557 354 3616 et
372 3551 504 3636 iniquos,
523 3560 557 3615 et
581 3548 781 3635 blasphemos
803 3549 944 3614 homines
968 3548 1001 3612 in
1027 3556 1182 3612 veternum
1207 3548 1313 3634 ignem

159 3649 290 3715 mittat:
312 3650 408 3737 justis
431 3659 539 3716 autem
557 3656 590 3715 et
607 3649 714 3734 eequis,
733 3655 768 3712 et
790 3656 953 3735 praeeepts
970 3647 1038 3735 ejus
1052 3646 1262 3725 servantibus,
1279 3656 1314 3714 et

158 3747 191 3812 in
207 3749 375 3816 dilectione
392 3751 460 3837 ejus
481 3748 763 3835 perseverantibus,
782 3749 972 3834 quibusdam
995 3747 1122 3834 quidem
1144 3748 1186 3812 ab
1211 3748 1313 3824 initio,

159 3847 347 3934 quibusdam
375 3860 483 3916 autem
509 3871 550 3914 ex
576 3846 775 3935 poenitentia,
794 3849 893 3914 vitam
917 3851 1040 3914 donans
1064 3847 1314 3933 inoorruptelam

157 3947 228 4013 loeo
244 3949 383 4014 muneris
400 3949 553 4025 conteras,
572 3956 605 4013 et
620 3948 799 4013 claritatem
817 3955 971 4012 aeternam
988 3947 1174 4013 oireumdet.

206 4115 217 4147 ¹
234 4114 401 4176 χαρισάμενοι,
422 4111 515 4175 censen
534 4127 562 4160 os
579 4128 612 4160 αα
629 4117 667 4160 oet
683 4109 713 4173 of
760 4124 815 4158 τινα
825 4108 921 4156 ineunte
930 4114 997 4156 (dou
1009 4107 1076 4155 riom
1090 4105 1188 4153 οἰήιαίε
1202 4104 1312 4166 {neraei

155 4211 233 4259 μνοσε.
269 4195 397 4244 Salvation
409 4195 470 4242 with
486 4195 529 4242 the
545 4193 708 4243 Valentinian
757 4197 872 4254 perpetuo
888 4190 917 4237 ia
933 4205 963 4237 ea
979 4189 1136 4238 ambulem
1145 4206 1157 4243 ,·
1177 4186 1225 4234 alii
1240 4186 1315 4248 ρυλες

156 4276 284 4344 depended
302 4291 369 4339 upon
384 4275 495 4324 whether
512 4291 540 4323 or
560 4290 594 4323 no
616 4291 631 4322 a
650 4289 708 4322 mnu
756 4287 803 4333 ρετ
813 4269 882 4318 invio
892 4269 1007 4318 vitiorem
1016 4269 1161 4327 mmm,
1176 4266 1265 4315 deinde
1277 4265 1314 4315 ud

156 4373 221 4407 vvere
232 4357 311 4406 nithe
321 4355 436 4422 spiritual
449 4355 513 4416 seed,
526 4355 709 4419 urespeetively
759 4353 881 4401 meliorem
892 4350 994 4414 freyen
1008 4347 1121 4408 maserei,
1140 4348 1169 4396 ia
1184 4355 1247 4396 reete
1261 4355 1312 4396 tro·

156 4439 185 4488 of
198 4439 237 4488 his
251 4439 360 4488 actions:
378 4437 399 4486 it
414 4452 466 4486 was
482 4437 525 4484 the
541 4435 613 4484 effect
629 4437 707 4485 there·
759 4434 816 4482 mite
828 4433 1000 4496 perditorum:
1015 4429 1102 4492 erebus
1117 4428 1224 4490 utrinqu
1238 4426 1314 4477 νῦσοι

156 4517 209 4566 fore
232 4515 261 4566 of
280 4515 332 4565 iste
359 4514 409 4564 end
434 4513 564 4578 neeessity,
590 4513 639 4560 and
663 4519 709 4562 not
758 4511 1111 4576 memoratumve
1120 4515 1205 4558 mer.

156 4599 280 4664 nigraes.
311 4599 406 4647 Gnm
423 4595 550 4644 observes:
573 4594 628 4642 Alii
643 4595 708 4643 enim
808 4591 1311 4652 ''lbeAnm.MS.bnstreavymm.
