3225 5184
631 373 873 426 nnmsurrrro.
1253 359 1321 426 363

168 525 253 606 Quos
262 525 359 592 coelos
366 527 584 594 firmaverunt?
599 550 692 613 quam
698 536 815 595 terram
825 528 1049 595 solidaverunt!
1064 528 1320 616 quaaemiserunt
1342 548 1479 632 napus.

166 627 292 693 stellas?
306 630 354 694 vel
369 652 439 717 quae
453 631 618 696 luminaria
631 631 881 698 elucidaverunt?
898 633 1011 718 quibus
1024 640 1130 698 autem
1136 632 1259 698 circulis
1273 632 1319 696 in-
1344 640 1482 727 ffiffiqu·
1559 659 1561 662 ’

165 733 373 799 fraenaverunt
387 738 445 800 eal
460 736 509 800 rel
523 758 601 821 quas
614 735 742 822 pluvias,
757 737 806 802 vel
819 736 944 823 frigora,
959 737 1008 802 vel
1023 737 1134 813 ¹nives,
1149 737 1320 801 secundum
1371 735 1449 772 ¹¹³²

165 845 299 923 tempus,
314 846 347 903 et
358 839 526 904 seeundum
535 861 782 927 unamquamque
791 840 949 926 regionem
958 838 1115 925 aptabilia,
1124 839 1322 904 adduxerunt

165 945 274 1007 terrast
297 943 397 1024 Quem
412 951 518 1008 autem
532 943 665 1008 calorem
681 952 714 1008 et
728 943 903 1008 siccitatem
914 965 932 1008 e
943 944 1099 1009 contrario
1108 952 1322 1029 apposuerunt

165 1043 226 1110 eisl
240 1052 296 1109 aut
304 1067 374 1129 quae
383 1045 511 1110 flumina
519 1046 676 1110 abundare
685 1046 844 1112 fecerunt?
859 1068 937 1131 quos
946 1056 1052 1112 autem
1066 1046 1240 1112 eduxcmnt
1253 1045 1320 1109 ion-

166 1150 235 1212 tesl
252 1149 383 1233 ²quibus
393 1157 498 1214 autem
509 1149 637 1214 floribus
649 1159 681 1215 et
693 1149 854 1214 arboribus
865 1151 1093 1215 adornaverunt
1107 1172 1178 1215 earn
1190 1171 1260 1235 quae
1272 1158 1321 1213 est

165 1252 224 1315 sub
238 1252 338 1316 coeloi
361 1253 408 1317 vel
423 1275 516 1337 quam
531 1251 762 1318 multitudinem
774 1252 955 1317 animalium
969 1239 1189 1330 formaverunt,
1204 1252 1319 1337 partim

166 1354 291 1438 quidem
305 1355 544 1432 rationabilium,
560 1356 675 1441 partim
694 1364 801 1420 autem
824 1354 1089 1434 irrationabilium,
1107 1356 1320 1420 universorum

165 1456 266 1522 forma
294 1461 492 1525 omatorumt
536 1459 581 1524 Et
607 1459 727 1544 reliqua
760 1459 866 1525 omnia
899 1480 969 1543 quae
998 1480 1053 1542 per
1082 1459 1229 1523 virtutem
1258 1456 1320 1522 Dei

166 1570 240 1627 suut
262 1563 441 1642 constituta,
465 1571 497 1628 et
518 1563 672 1648 sapientia
696 1564 764 1648 ejus
787 1564 1009 1650 gubernantur,
1033 1562 1103 1647 quis
1125 1562 1241 1648 poterit
1265 1583 1322 1648 per

166 1662 290 1750 singula
303 1684 493 1743 enumerare,
508 1665 556 1729 vel
579 1665 764 1752 investigare
785 1665 1032 1751 magnitudinem
1052 1664 1215 1750 sapientia
1241 1665 1320 1749 ejus,

167 1765 220 1849 qui
245 1765 329 1844 lecit,
349 1766 432 1832 Deii
477 1767 560 1849 Quid
579 1777 685 1832 autern
709 1768 762 1832 illa
782 1789 852 1852 quae
870 1789 964 1852 super
987 1766 1111 1844 coelum,
1127 1773 1160 1831 et
1174 1788 1245 1851 quae
1259 1788 1321 1830 non

167 1876 365 1954 praetereunt,
387 1874 523 1956 ³quanta
544 1879 627 1948 sunt,
651 1869 778 1958 Angeli,
801 1869 1005 1957 Archangeli,
1026 1869 1155 1947 Throni,
1172 1870 1322 1933 Domina·

168 1971 278 2046 tiones,
306 1971 487 2038 Potestates
513 1973 773 2040 innumerabiles!
817 1975 979 2039 Adversus
1002 1973 1085 2060 quod
1106 1973 1202 2058 igitur
1225 1995 1322 2036 unum

168 2096 246 2159 opus
260 2097 300 2140 ex
315 2075 365 2140 his
379 2076 564 2161 semetipsos
579 2078 766 2143 econtrario
781 2078 996 2143 constituunti
1040 2076 1123 2158 Quid
1137 2076 1200 2141 tale
1219 2085 1323 2141 osten·

168 2178 240 2242 dere
257 2178 375 2244 habent
399 2201 454 2265 per
475 2180 669 2264 semetipsos,
692 2181 739 2246 vel
761 2203 781 2246 a
802 2181 978 2266 semetipsis
995 2181 1123 2256 iactum,
1147 2179 1270 2263 quando
1290 2187 1323 2242 et

169 2280 228 2364 ipsi
254 2279 347 2365 hujus
370 2280 491 2346 iactura
513 2289 546 2345 et
567 2281 730 2366 plasmatio
757 2283 844 2346 sinti
880 2283 953 2346 Sive
974 2281 1057 2346 enirn
1081 2280 1232 2358 Salvator,
1257 2280 1323 2344 eive

170 2383 278 2446 Mater
300 2382 436 2468 ipsorum
462 2387 513 2468 (ut
536 2385 659 2468 propria
683 2385 821 2470 ipsorum
843 2385 993 2461 dicamus,
1023 2405 1079 2466 per
1104 2403 1162 2446 sua
1185 2382 1322 2466 ipsorum

168 2484 292 2570 propria
306 2484 470 2550 mendaces
484 2508 539 2550 eos
553 2488 734 2572 arguentes)
751 2509 809 2551 usa
822 2495 871 2551 est
885 2487 956 2564 hoc,
971 2494 1007 2550 ut
1021 2485 1138 2562 dicunt,
1153 2485 1193 2548 ad
1209 2484 1322 2549 iacien-

169 2589 240 2653 dam
251 2588 420 2674 imaginem
431 2593 553 2654 ⁴eorum
566 2611 635 2674 quae
647 2589 729 2653 intra
739 2590 885 2654 Pleroma
895 2597 979 2666 sunt,
991 2597 1024 2653 et
1033 2586 1322 2671 ⁷contemplationis

169 2692 318 2756 universae
340 2713 433 2775 quam
450 2691 527 2756 vidit
548 2691 632 2756 circa
655 2691 869 2765 Salvatorem;
892 2699 1041 2775 tanquam
1057 2689 1184 2753 meliore
1203 2689 1272 2765 hoc,
1288 2698 1322 2753 et

167 2795 348 2881 optabiliore
362 2795 403 2860 ad
419 2795 591 2862 faciendam
606 2795 796 2861 voluntatem
811 2817 899 2860 suam
912 2817 967 2881 per
981 2816 1064 2872 eum,
1085 2815 1143 2858 usa
1161 2801 1229 2859 est:
1253 2801 1322 2858 tan-

167 2909 271 2963 torum
285 2898 368 2964 enim
383 2898 535 2986 imagines
549 2919 742 2985 nequaquam
758 2921 814 2985 per
826 2897 1010 2975 inferiorem,
1026 2896 1081 2962 sed
1095 2919 1151 2982 per
1164 2895 1322 2960 meliorem

168 3001 377 3067 ⁵del'ormavit.

72 3131 97 3168 o.
109 3129 150 3168 ua
235 3108 264 3173 l.
288 3105 390 3170 Erant
403 3104 486 3170 enim
501 3113 533 3170 et
547 3104 607 3191 ipsi
621 3115 707 3185 tuno,
722 3105 820 3171 ⁰sicut
834 3105 894 3191 ipsi
912 3105 1029 3182 dicunt,
1048 3103 1235 3169 exsistentes
1249 3125 1322 3168 con-

169 3205 271 3292 ceptio
300 3206 446 3292 spiritalis
474 3209 645 3272 secundum
673 3208 984 3291 reontemplationem
1012 3227 1120 3271 eorum
1149 3205 1202 3291 qui
1231 3210 1323 3293 ⁸erga

109 3323 116 3343 ·
170 3307 347 3372 Pandoram
370 3318 443 3375 suut
464 3308 614 3374 satellites
632 3308 785 3395 dispositi.
831 3310 876 3374 Et
890 3310 922 3373 hi
943 3309 1067 3395 quidem
1092 3308 1199 3372 ⁹vacui
1220 3331 1322 3395 perse·

168 3411 325 3488 verabant,
348 3411 425 3475 nihil
446 3434 575 3498 percos
597 3412 775 3498 perficiente
799 3413 927 3488 Matre;
957 3411 1034 3476 ¹⁰vel
1053 3433 1110 3496 per
1130 3411 1322 3476 Salvatorem

217 3557 317 3608 laires.
364 3559 494 3609 Massonr
524 3563 573 3610 and
604 3561 719 3610 Srrsnnrr
820 3558 1000 3623 ‘defensauit
1024 3575 1052 3608 as
1074 3559 1213 3618 elsewhere,
1236 3559 1257 3606 ia
1280 3560 1323 3608 the

167 3641 231 3688 have
241 3640 361 3701 universa,
374 3643 421 3692 but
433 3643 558 3691 laesurus
569 3643 663 3706 plainly
674 3643 719 3691 hae
771 3640 918 3689 translation
930 3641 959 3688 oi
968 3641 1127 3702 ἐξεμόρφωσε.

168 3723 194 3770 in
211 3723 249 3771 his
266 3724 335 3772 mind
352 3725 394 3772 the
411 3725 515 3774 sublime
529 3725 609 3773 words
625 3725 654 3773 of
667 3725 719 3774 Job
821 3721 909 3772 ‘dom
926 3721 982 3784 ipsi.
1015 3722 1069 3770 'l'be
1086 3722 1186 3770 Omra.
1206 3721 1263 3770 MS.
1279 3722 1324 3770 baa

168 3803 206 3852 oh.
230 3804 333 3864 xxxviii,
357 3806 464 3854 without
488 3806 592 3870 directly
614 3807 721 3870 quoting
771 3805 861 3868 simply
891 3804 971 3864 sirmi,
1007 3805 1050 3853 the
1078 3803 1158 3853 Voss.
1187 3819 1252 3868 copy
1279 3804 1324 3852 has

169 3885 245 3946 them,
259 3887 319 3934 with
331 3887 411 3936 which
420 3887 537 3936 Gnaeh's
544 3888 647 3951 reading
656 3887 720 3936 nivea
771 3885 828 3948 ipsi

169 3968 273 4032 entirely
284 3969 446 4020 harmonises.
821 3967 832 3998 ⁷
850 3968 955 4029 θεωρίας,
968 3967 999 4016 cf.
1012 3983 1053 4032 pp.
1067 3982 1107 4028 41,
1122 3981 1161 4029 50.

217 4047 300 4098 ’Τίσι
328 4052 422 4099 ἄνθεσιν
448 4052 585 4112 ἐκόσμησαν
609 4053 654 4110 τὴν
678 4051 719 4099 ὑπ’
821 4048 913 4111 ⁸erqo,
927 4051 988 4111 περί.

169 4132 273 4192 οὐρανοῦ,
288 4131 366 4192 idest,
379 4134 488 4194 cippis,
502 4141 599 4181 tenum.
622 4133 695 4182 an.
822 4131 904 4181 ⁰The
931 4132 1096 4195 punctuation
1123 4131 1144 4179 ia
1171 4131 1264 4180 altered
1291 4132 1325 4195 by

217 4210 343 4275 ³quarrto.
386 4215 475 4273 Qualia
495 4230 585 4277 ponere
606 4214 720 4264 clebuiarrt
772 4213 1215 4277 placingasemicolonatterdiotre,
1229 4212 1326 4260 instead

170 4296 300 4358 interpres.
327 4298 429 4348 Graan.
772 4297 801 4344 of
820 4311 836 4343 a
857 4310 962 4354 comma,
985 4309 1013 4342 aa
1035 4295 1061 4343 in
1084 4294 1200 4343 Gaaaa’s
1222 4294 1324 4342 edition.

218 4375 229 4408 ⁴
245 4377 335 4427 AEorrra
350 4379 371 4428 is
388 4395 416 4428 so
432 4379 500 4429 often
518 4380 649 4445 expressed
663 4397 690 4430 as
706 4397 722 4429 a
773 4379 903 4428 Missum
913 4377 1002 4441 rejects
1016 4378 1150 4438 evanthis,
1169 4376 1219 4426 and
1229 4383 1289 4440 puts
1300 4376 1326 4424 in

169 4458 287 4508 feminine
293 4475 370 4521 noun,
378 4461 435 4509 that
443 4477 527 4510 eorum
533 4463 559 4510 iu
569 4462 719 4512 thecnnnu.
772 4477 788 4508 a
798 4461 952 4525 parenthesis
966 4459 1251 4521 (nibil...Satrurorrm).
1281 4458 1327 4507 See

169 4555 233 4604 copy
254 4541 275 4589 is
297 4542 332 4606 by
353 4557 385 4591 no
408 4559 493 4592 means
515 4559 547 4592 nn
570 4543 721 4607 improbable
773 4548 835 4592 next
849 4550 917 4592 note.

168 4623 280 4686 reading.
823 4625 844 4656 ¹⁰
860 4626 896 4674 rel
910 4626 932 4675 is
945 4625 1068 4676 cancclled
1083 4626 1116 4689 by
1128 4621 1328 4683 Miserrimum
