3225 5184
294 397 362 463 378
645 409 775 464 NULlaA
801 411 870 464 EST
893 408 1098 464 GUJUSDAM

161 587 252 674 mppr.
294 564 450 651 poculum,
465 569 581 650 putans
590 584 626 630 se
640 585 695 650 per
708 563 768 629 hoc
783 563 922 650 aporiam
936 561 1115 650 hujusmodi
1125 563 1283 652 effugere:
1299 565 1462 631 aetenam·

142 681 271 767 ⁰,l’*,},¹,¹,¹{f
296 689 369 732 nem
380 668 506 754 quidem
520 667 636 733 nnllam
645 667 773 747 faciens,
786 667 964 754 dogmatice
974 675 1080 732 autem
1091 669 1290 753 respondens,
1303 668 1461 755 quoniam

157 775 229 813 ΜΝ·
240 775 257 813 ²·
297 769 490 838 introeuntes
503 771 616 836 animae
630 771 663 836 in
683 771 764 836 hanc
785 771 893 849 vitam,
913 772 954 836 ab
973 793 1011 836 eo
1032 771 1086 857 qui
1105 779 1155 836 est
1176 793 1269 857 super
1287 772 1458 837 introitum

297 873 447 952 daemone,
463 874 643 962 priusquam
657 875 690 938 in
704 896 834 959 corpora
852 874 978 954 intrent,
995 879 1160 960 ¹potantur
1177 874 1341 940 oblivione.
1386 875 1457 940 'Et

296 977 389 1041 latuit
402 977 604 1062 semetipsum
618 978 650 1042 in
664 977 795 1043 alteram
809 977 958 1062 majorem
973 977 1113 1043 incidens
1126 977 1275 1064 aporiam.
1313 977 1349 1042 Si
1365 978 1456 1043 enim

297 1078 459 1145 oblivionis
487 1079 632 1166 poculum
664 1089 779 1168 potest,
809 1089 1013 1166 posteaquam
1041 1082 1193 1147 ebibitum
1220 1089 1280 1160 est,
1310 1081 1456 1146 omnium

296 1182 450 1248 factorum
464 1182 627 1248 obliterare
640 1184 831 1263 memoriam,
847 1184 908 1249 hoc
920 1184 1023 1270 ipsum
1037 1185 1120 1251 unde
1138 1185 1202 1250 scis
1221 1207 1241 1249 ο
1259 1183 1362 1263 Plato,
1377 1205 1455 1249 eum

297 1285 340 1350 sit
362 1305 445 1351 nunc
468 1284 501 1350 in
524 1307 651 1372 corpore
675 1287 780 1352 anima
802 1296 867 1366 tna,
894 1289 1051 1374 quoniam,
1075 1289 1256 1376 priusquam
1279 1289 1312 1352 in
1337 1309 1456 1373 corpus

297 1387 442 1468 introeat,
460 1409 480 1454 a
495 1388 636 1455 daemone
651 1399 759 1476 potata
773 1399 822 1456 est
836 1390 1000 1456 oblivionis
1014 1391 1295 1458 medicamentum!
1316 1390 1456 1456 sienim

296 1491 480 1569 doemonem,
510 1499 543 1558 et
576 1492 730 1578 poculum,
759 1501 792 1558 et
829 1493 991 1558 introitum
1019 1494 1235 1574 reminisceris,
1264 1500 1298 1560 et
1332 1492 1457 1578 reliqua

296 1603 420 1680 oportet
442 1617 631 1681 cognoscas:
656 1595 683 1660 si
707 1604 814 1661 autem
839 1596 893 1662 illa
913 1596 1049 1693 ignoras,
1073 1620 1173 1685 neque
1199 1597 1322 1664 dsemon
1348 1618 1454 1675 verus,

296 1717 397 1784 neque
408 1696 575 1764 artificiose
590 1698 797 1786 compositum
812 1699 974 1766 oblivionis
988 1699 1161 1786 poculum⁸.

772 2049 874 2115 OAP.
898 2047 975 2114 LIl.

458 2201 620 2278 Ostcasio
642 2201 816 2302 quoniam
838 2228 972 2302 corpus
994 2227 1066 2278 noc
1089 2216 1138 2278 est
1158 2201 1298 2278 oou'oio.

363 2393 548 2456 onaasns
563 2396 670 2455 autem
684 2409 747 2468 eos,
764 2387 818 2478 qui
832 2388 941 2453 dicunt
959 2388 1062 2475 ipsum
1075 2409 1189 2474 corpus
1202 2409 1273 2454 esse
1286 2385 1455 2452 oblivionis

296 2497 567 2574 medicamentum,
591 2502 733 2562 occurret
752 2495 832 2561 hoe:
857 2494 1020 2577 Quomodo
1043 2493 1140 2582 igitur
1164 2495 1454 2581 quodcunque'per

295 2599 495 2686 semetipsam
508 2599 613 2665 anima
626 2599 719 2679 videt,
734 2607 768 2664 et
782 2599 815 2663 in
834 2597 963 2664 somniis
977 2605 1009 2663 et
1023 2598 1195 2664 secundnm
1216 2596 1451 2684 cogitationem,

297 2703 411 2768 mentis
430 2703 644 2782 intentionem,
667 2723 794 2788 corpore
813 2702 1001 2788 quiescente,
1024 2701 1093 2787 ipsa
1112 2700 1330 2779 reminiscitur,
1348 2710 1382 2765 et
1402 2720 1453 2763 re·

295 2805 421 2870 nuntiat
442 2804 614 2890 proximis?
650 2804 713 2869 Sed
729 2804 910 2889 nequidem
923 2825 962 2868 ea
981 2824 1052 2888 qnae
1072 2801 1145 2867 olim
1165 2802 1274 2890 agnita
1295 2809 1380 2879 sunt,
1395 2807 1455 2865 aut

294 2929 350 2994 per
364 2907 480 2986 oculos,
488 2915 544 2972 aut
554 2929 609 2992 per
623 2905 774 2984 auditum,
786 2905 979 2972 meminisset
990 2905 1094 2970 anima
1106 2905 1138 2970 in
1150 2926 1277 2992 corpore
1286 2904 1453 2982 exsistens,

294 3011 322 3074 si
346 3019 430 3076 esset
459 3031 572 3096 corpus
596 3009 728 3086 oblivi0;
758 3009 815 3076 sed
837 3008 931 3074 simul
955 3017 1051 3095 atque
1079 3009 1120 3073 ab
1149 3008 1300 3095 inspectis
1326 3009 1454 3073 messer

295 3237 363 3271 more
373 3221 474 3285 general
488 3221 549 3270 than
561 3221 583 3269 is
594 3220 691 3285 usually
703 3217 846 3284 imngined),
946 3219 957 3250 ¹
973 3217 1226 3269 Potoaturoblieione.
1243 3216 1454 3267 Platonicorum

294 3303 327 3353 ita
347 3303 495 3352 antecedent
512 3301 676 3367 immortality
694 3302 746 3350 also
763 3317 814 3350 was
833 3316 849 3349 s
896 3301 1017 3350 maniam
1028 3301 1206 3364 acerrimpcst
1217 3300 1339 3350 Imm
1354 3299 1452 3362 impep-

294 3385 449 3436 co=ordinate
465 3389 541 3445 tenet,
555 3385 576 3434 it
590 3385 685 3448 having
698 3385 759 3434 been
773 3388 847 3432 aset-
897 3390 959 3432 amit
973 3383 1071 3433 Tertull.
1090 3383 1146 3432 libr.
1159 3382 1190 3432 de
1204 3383 1298 3444 aalma,
1317 3382 1392 3445 capit.
1405 3379 1451 3430 ad·

294 3467 345 3517 tled
352 3467 788 3533 principlethatasnothingcanpaae
794 3466 849 3515 into
898 3480 978 3513 mma
989 3464 1102 3514 Platonis
1115 3467 1232 3526 μαθήσεις
1248 3466 1289 3514 rol
1300 3464 1452 3525 διψήσεις.

294 3550 408 3613 nothing,
422 3565 449 3598 ao
456 3549 614 3613 nothingcau
623 3549 709 3612 spring
714 3548 779 3596 lrom
786 3563 848 3596 non·
898 3547 1050 3610 depastione
1060 3547 1101 3597 lib.
1114 3559 1163 3597 111.
1175 3547 1206 3596 dc
1217 3547 1337 3596 Triaitcu
1346 3562 1402 3609 esp.
1410 3560 1450 3608 15,

295 3631 389 3695 entity;
406 3646 433 3680 so
447 3631 596 3679 Anrsnonnn
610 3630 726 3690 declares,
739 3630 850 3690 naama
898 3636 919 3678 et
929 3629 972 3680 lib.
982 3641 1002 3678 1.
1011 3629 1182 3679 Retmdotioa.
1194 3644 1249 3693 cap.
1259 3647 1283 3688 4.
1295 3635 1318 3678 d
1327 3627 1391 3678 libro
1400 3640 1451 3678 vn.

296 3713 439 3776 φοβούμενοι
447 3713 588 3770 benthem
596 3713 617 3760 cl
625 3713 725 3760 παλαιοὶ
732 3711 760 3762 rd
767 3713 794 3760 ἐκ
804 3729 848 3771 μη·
897 3711 928 3761 ele
940 3710 1024 3762 Omni
1033 3711 1070 3760 ad
1079 3711 1115 3761 lia
1127 3727 1182 3775 cap.
1190 3726 1214 3777 9,
1228 3725 1265 3772 ιο,
1281 3725 1318 3772 11,
1335 3719 1358 3760 d
1371 3710 1414 3761 lit.
1424 3723 1450 3761 1.

295 3795 359 3844 δενὸς
369 3795 509 3856 pli-sedales
517 3795 722 3858 προϋπάρχοντος·
734 3795 783 3843 aud
794 3795 848 3844 itis
897 3810 952 3857 cap.
965 3811 989 3856 4.
1012 3792 1114 3857 denique
1133 3800 1155 3842 d
1168 3792 1312 3843 msam
1329 3792 1391 3842 lem
1401 3805 1451 3844 vn.

294 3877 321 3925 iu
333 3875 482 3925 accordance
493 3875 555 3923 with
566 3875 615 3923 this
626 3873 683 3924 that
693 3875 782 3924 Pnano
790 3892 848 3941 says
897 3889 952 3939 cop.
965 3889 1006 3925 aa.
1040 3873 1153 3925 meam
1159 3874 1348 3937 pomstaviatra
1358 3882 1452 3936 meant,

295 3957 324 4005 of
336 3957 378 4006 the
390 3956 569 4021 pra-existence
583 3955 612 4004 or*
623 3955 666 4004 the
677 3956 739 4017 sonl,
756 3955 785 4016 ἦν
800 3959 849 4006 τοῦ
897 3959 963 4024 qaod
980 3959 997 4018 ἡ
1013 3960 1079 4019 λήθη
1095 3957 1237 4008 olliaiom
1252 3959 1376 4022 aipaificd.
1410 3959 1453 4008 Bt

295 4040 362 4098 ἡμῶν
373 4039 389 4098 l
401 4039 470 4100 cvxl
486 4038 541 4100 'el’
556 4036 653 4098 ἔντῷδε
664 4039 699 4098 re
710 4038 849 4102 δ’θρωῐῑψ
896 4043 969 4103 raim,
982 4041 1085 4091 uidem
1099 4041 1173 4090 Plora
1189 4040 1287 4101 mc,
1300 4043 1344 4102 ria
1358 4042 1453 4102 urso

296 4121 352 4168 erte:
368 4121 489 4180 γενέσθαι,
505 4118 570 4185 olore
585 4119 624 4167 rel
639 4120 717 4180 ταύτῃ
729 4120 849 4170 ἀθάνατόν
898 4126 983 4185 ἔξοδος.
1001 4124 1040 4173 De
1050 4121 1315 4185 eodemflsmineenm't
1331 4121 1454 4184 Virqtltu

294 4219 319 4250 τι
328 4201 499 4263 ἔοικενὴψυχὴ
508 4201 573 4250 εἶναι,
582 4199 682 4250 Pindo.
700 4200 752 4250 'I'he
761 4201 848 4250 notion
897 4206 926 4255 ia
937 4219 975 4256 vr.
987 4205 1089 4256 AEneid.
1101 4205 1204 4269 mear
1219 4221 1273 4256 sero
1288 4205 1390 4269 ρ’ωὶιω
1401 4221 1452 4268 asy-

295 4299 345 4332 was
358 4283 532 4347 Pythagoream
540 4301 547 4344 ;
563 4283 610 4332 bnt
625 4281 783 4347 Pythagoraa
797 4283 848 4332 had
896 4286 1027 4350 tholopiosa
1042 4287 1184 4336 Maenius
1204 4287 1247 4338 lid.
1264 4299 1284 4336 1.
1307 4286 1338 4336 de
1354 4286 1454 4336 Samio

294 4367 315 4415 it
325 4366 389 4415 from
400 4366 439 4414 hia
450 4366 586 4415 instructor
596 4365 751 4430 Pherecydes
758 4367 844 4430 Syrus,
898 4368 1027 4432 Scipionis.
1046 4369 1167 4418 Fanum

298 4447 354 4495 who
368 4447 433 4510 (010.
445 4447 513 4497 ruse.
523 4447 568 4507 ec.
577 4459 596 4498 1.
612 4445 650 4510 16)
663 4447 765 4497 Primae
784 4447 849 4497 diets
946 4451 959 4484 ¹
970 4454 1075 4502 Ἐλιιθο
1096 4453 1181 4502 ἑαυτὸν
1199 4455 1231 4503 ela
1252 4453 1338 4516 erm
1354 4452 1454 4512 adsuta

294 4529 389 4577 animos
399 4527 524 4578 hominum
535 4545 581 4580 esse
590 4531 751 4595 sempiternes,
764 4548 847 4581 mean·
898 4537 1035 4598 περιπεσὼν
1046 4535 1154 4598 ἐπρίω.
1173 4534 1248 4584 Bm.

293 4607 386 4671 ingan
402 4611 847 4679 antecedentaawsllasaprospec·
947 4614 1264 4677 'offldtslpovdllpdhe
1281 4616 1453 4679 οὐδ’ὀτσιχ-

294 4688 346 4736 tiva
356 4689 471 4752 eternity.
899 4699 999 4757 ,mm
1014 4699 1058 4757 γῆς
1073 4699 1150 4758 λήθη,
1165 4698 1265 4759 κρατήρ,
