3225 5184
332 397 399 464 366
622 410 699 464 NON
726 409 924 462 HAEBETIGI
948 407 1177 462 summme.

195 589 290 631 umu.
333 565 581 653 septenationem
608 563 755 642 videret),
785 564 843 629 sed
870 562 1059 648 reciperetur
1083 563 1216 628 sortasse
1243 561 1294 628 vel
1325 583 1442 648 nsque
1472 565 1522 628 nd

200 639 258 678 ririi.
268 639 285 724 ii

180 684 306 772 gagg-u·
276 732 305 772 u
301 671 544 750 ·medietatem,
560 669 591 734 id
605 677 654 734 est
667 668 709 733 ad
725 669 874 746 Matrem,
889 668 936 732 uti
949 668 991 731 ab
1007 687 1046 732 ea
1067 666 1201 731 disceret
1220 687 1292 750 quur
1317 677 1404 732 sunt
1424 667 1521 733 intra

203 790 254 818 ¹¹¹·
263 779 282 823 ⁷
336 776 490 842 Pleroma
527 776 659 841 Poterat
672 773 755 839 enim
771 772 824 860 qui
839 780 889 838 est
903 771 988 838 intus
995 772 1177 858 homoejus,
1192 771 1246 857 qui
1261 780 1293 837 et
1309 771 1522 858 ioquebetur

335 885 367 950 in
379 905 426 962 eo,
439 883 601 948 invisibilis
609 881 771 958 exsistens,
784 879 1044 966 quemadmodum
1054 878 1172 956 dieunt,
1182 900 1246 942 non
1256 886 1393 943 tantum
1406 901 1521 965 mque

335 988 376 1051 ad
390 987 517 1052 tertium
532 985 656 1062 eoeium,
671 985 728 1048 sed
738 985 780 1048 ¹et
794 1005 892 1069 usque
906 983 947 1047 ed
964 983 1101 1048 Matrem
1116 982 1237 1046 iliorum
1247 983 1432 1068 pervenire.
1478 984 1518 1048 Si

336 1089 419 1154 enim
445 1111 490 1167 se,
515 1088 575 1152 boc
603 1095 652 1152 est
682 1087 819 1172 ipsorum
848 1086 1015 1163 hominem,
1040 1085 1150 1150 statim
1175 1085 1358 1171 supergredi
1393 1086 1518 1152 dierunt

337 1192 552 1280 Demiurgum,
568 1200 601 1257 et
621 1190 707 1256 abire
727 1190 768 1255 ad
791 1191 940 1268 Matrem,
960 1189 1059 1255 multo
1078 1190 1179 1276 magis
1198 1189 1306 1276 utique
1326 1191 1517 1278 'Apostoli

336 1297 453 1362 homini
468 1298 527 1362 hoc
542 1295 712 1363 evenisset:
728 1315 787 1360 nee
801 1294 885 1358 enim
898 1293 1107 1378 prohibuisset
1117 1293 1203 1357 iilum
1213 1293 1424 1382 Demiurgus,
1436 1299 1515 1383 jam

336 1410 370 1467 et
384 1402 450 1490 ipse
464 1402 625 1488 subjectus
641 1399 804 1477 Salvatori,
820 1406 857 1462 nt
878 1398 997 1464 dicunt.
1041 1397 1077 1463 Si
1096 1407 1203 1462 autem
1220 1406 1253 1463 et
1272 1400 1514 1484 prohibuioeet,

337 1506 414 1571 nibil
432 1506 632 1593 profecissem
664 1502 829 1569 nonenim
849 1500 997 1588 possibile
1016 1511 1065 1566 est
1082 1524 1154 1567 eum
1171 1502 1277 1568 Petris
1298 1506 1514 1591 providentia

337 1609 495 1674 fortiorem
520 1629 599 1686 esse,
626 1611 674 1671 ⁸et
702 1605 770 1669 haee
795 1625 867 1668 cum
892 1603 1022 1668 interior
1047 1603 1141 1669 homo
1166 1604 1329 1670 invisibilis
1353 1607 1465 1672 etiem
1490 1632 1513 1672 a

340 1710 512 1795 Demiurgo
526 1731 595 1776 esse
610 1708 740 1773 dicatur.
766 1705 921 1787 Quoniam
934 1714 1042 1770 autem
1056 1704 1199 1771 illevelut
1213 1727 1363 1794 magnum
1380 1710 1510 1797 aliquid

338 1821 371 1878 et
385 1813 577 1900 praecierum,
592 1833 661 1877 eum
677 1831 746 1895 quee
761 1809 821 1873 iuit
835 1831 934 1894 usque
948 1810 989 1873 sd
1000 1809 1127 1874 tertium
1139 1809 1254 1874 coelum
1267 1814 1509 1879 assumtionem

338 1915 502 1994 enarravit,
518 1938 580 1980 non
595 1915 701 2000 utique
716 1913 768 1977 isti
783 1935 877 1999 super
894 1914 1062 1999 septimum
1080 1914 1194 1978 coelum
1214 1915 1415 1980 escendunt:
1440 1939 1510 1982 non

339 2020 422 2085 enim
446 2028 519 2085 sunt
541 2019 684 2083 meliores
703 2017 870 2102 Apostoio.
918 2017 971 2082 ⁴Si
996 2018 1117 2102 seipsos
1136 2016 1242 2081 dicant
1261 2017 1508 2096 differentiora,

339 2123 535 2209 exoperibus
548 2130 735 2208 arguentur:
758 2121 835 2185 nihil
849 2121 932 2186 enim
946 2122 988 2185 ab
1002 2121 1063 2185 iliis
1076 2120 1139 2185 tale
1149 2120 1331 2207 jactitatum
1344 2131 1409 2187 est.
1459 2123 1506 2188 Et
1518 2137 1553 2172 ⁶2

341 2233 466 2309 propter
480 2224 539 2288 hoc
554 2224 685 2310 adjecit:
703 2223 776 2288 Siue
790 2225 826 2287 io
840 2245 973 2309 empore,
988 2225 1052 2289 eive
1066 2234 1154 2288 ectru
1169 2245 1288 2310 corpus,
1303 2225 1410 2289 ΨΜ
1421 2229 1504 2291 ecit.-

340 2328 405 2394 ⁶uti
417 2349 516 2414 neque
529 2349 639 2412 corpus
653 2350 716 2393 non
727 2327 884 2414 particeps
897 2335 1058 2412 putaretur
1072 2349 1142 2391 esse
1152 2326 1280 2391 visionis
1293 2329 1373 2414 ejus,
1383 2330 1504 2415 qnippe

341 2431 429 2518 quasi
440 2437 473 2495 et
487 2429 589 2516 ipsum
604 2431 858 2517 participaturum
870 2452 976 2494 eorum
988 2452 1058 2516 quae
1067 2429 1204 2508 vidisset,
1219 2438 1252 2494 et
1265 2430 1423 2496 audisset:
1440 2455 1503 2498 nee

341 2555 448 2599 rursus
468 2540 595 2619 propter
616 2535 738 2620 pondus
760 2531 898 2619 corporis
913 2531 996 2597 dicat
1013 2531 1083 2618 quia
1101 2555 1174 2597 eum
1192 2533 1327 2619 amplius
1341 2554 1407 2599 non
1427 2557 1501 2601 eme

341 2645 524 2714 assumtum,
548 2636 604 2700 sed
626 2637 695 2702 ideo
717 2659 817 2722 usque
837 2635 909 2700 iiiuc
937 2635 1135 2721 permittatur
1157 2635 1252 2700 etium
1275 2637 1345 2700 sine
1365 2659 1501 2756 corpore

342 2741 554 2804 ⁷sacramente
575 2738 749 2824 perspicere
770 2738 932 2825 spiritalia,
949 2761 1019 2823 qum
1042 2749 1117 2804 sunt
1132 2738 1194 2804 Dei
1210 2740 1420 2825 operationes,
1444 2744 1498 2827 qui

342 2841 415 2907 iecit
429 2839 526 2906 coelos
539 2847 573 2906 et
587 2849 712 2920 terram,
727 2850 759 2906 et
773 2840 937 2927 plasmavit
948 2840 1116 2921 bominem,
1131 2850 1165 2908 et
1179 2843 1306 2930 posuit
1297 2866 1329 2907 m
1340 2845 1498 2930 pemdisc,

390 3085 400 3117 ¹
417 3085 469 3136 etis
483 3085 562 3136 added
578 3087 640 3138 from
658 3087 701 3138 the
715 3089 813 3139 (innuit.
832 3088 890 3140 MS.
944 3090 1049 3140 ἅπτεται
1064 3090 1167 3153 πάντων,
1181 3094 1209 3142 τὸ
1224 3093 1251 3142 δὲ
1264 3094 1369 3156 καθαρὸν
1380 3095 1421 3143 rai
1436 3097 1496 3145 eeu

341 3185 369 3218 as
380 3167 466 3234 giving
476 3169 542 3218 force
554 3171 634 3220 tcthe
646 3172 729 3222 Greek
739 3173 823 3232 idiom,
839 3189 860 3221 e.
866 3188 891 3236 g.
943 3189 1020 3230 ματον
1042 3175 1177 3234 ἀσωμάτων
1197 3177 1272 3237 φασὶν
1294 3176 1425 3238 ἅπτεσθαι,
1451 3181 1497 3227 elo

342 3253 370 3300 οὐ
380 3251 573 3310 uiuum...th
585 3255 624 3300 καὶ
636 3253 678 3303 ἔως
689 3255 732 3312 τῆς
742 3271 767 3312 μ
944 3255 1067 3315 δαιμόνων,
1092 3257 1207 3317 ἀγγέλων
1223 3259 1268 3317 τῆς
1285 3260 1406 3321 reseptos,
1423 3263 1497 3308 αι’τοΰ

390 3332 626 3396 'Apostolibomioi
650 3333 892 3400 Iulieuoisuppiy·
944 3338 988 3384 τοῦ
999 3337 1121 3399 διαβόλου.
1139 3340 1205 3397 §8¹-
1238 3338 1496 3406 (Refemtop.361.i

341 3414 385 3479 ing
398 3413 516 3477 inuitari,
531 3432 560 3465 ar
576 3416 678 3478 Gneus,
697 3417 827 3466 Missum
843 3415 893 3465 and
993 3417 1004 3448 ⁴
1019 3417 1073 3466 'ibe
1087 3418 1188 3470 Cursu.
1205 3419 1264 3470 Me.
1277 3421 1322 3470 bue
1338 3421 1405 3472 Idea
1419 3433 1496 3472 m·

343 3496 456 3545 Sursum
463 3513 576 3562 propone,
586 3514 623 3546 we
631 3497 892 3562 mightreadripodc
944 3499 1015 3561 ι’ριοε.
1044 3499 1225 3562 Ιὶῇἶιιιειιιίοια
1243 3503 1331 3552 Graece
1352 3506 1495 3568 impsum!-

342 3575 893 3642 licu;butagoodsenseistobeertmoted
943 3599 1003 3644 potu.
1022 3595 1112 3648 pepp.
1125 3597 1185 3646 ms.

341 3658 405 3708 frum
418 3659 461 3708 tbe
477 3659 556 3708 words
569 3676 597 3709 as
611 3661 670 3724 they
684 3660 766 3721 stand,
785 3660 893 3724 viewing
993 3663 1074 3714 'The
1094 3671 1150 3715 text
1175 3667 1197 3715 is
1221 3667 1315 3732 quoted
1339 3668 1493 3734 desectirely.

341 3739 410 3788 nem
427 3739 453 3788 in
466 3741 607 3804 »pposmon
622 3741 683 3790 mee
696 3741 806 3804 iponem
816 3741 892 3790 nme·
943 3745 1152 3796 mouerimus
1162 3735 1493 3812 enecuimthebyemee

340 3837 401 3882 uem,
421 3820 484 3870 their
503 3838 556 3870 own
572 3821 665 3872 houton
685 3829 778 3884 notun,
798 3823 893 3888 having
944 3826 1002 3875 Nou
1018 3828 1039 3876 is
1055 3828 1168 3878 retrined
1182 3829 1266 3880 before
1278 3831 1409 3893 particeps,
1419 3847 1449 3880 u
1460 3832 1493 3880 iu·

340 3918 367 3952 as
389 3904 422 3952 its
444 3905 588 3954 correlative
609 3921 642 3952 on
665 3905 779 3966 Apostle'e
799 3904 893 3954 human
944 3909 1026 3960 serted
1037 3910 1173 3974 byGuasr
1185 3928 1218 3962 ou
1229 3913 1342 3962 tbeiuitb
1351 3913 1380 3963 oi
1386 3915 1492 3962 Arrun

340 3991 443 4043 uotum
460 3985 558 4051 ehsup.
572 3985 733 4049 perimimur
743 3985 877 4050 homoque.
944 3991 1341 4044 undisossaudcursumsa
1367 3995 1495 4044 Mamm

389 4067 400 4100 ⁸
417 4069 452 4117 Et
468 4069 521 4118 boeu
534 4069 614 4118 Gnrec
626 4069 678 4118 ritu
693 4069 757 4117 dicit
770 4069 894 4134 [πέψω
943 4074 1032 4138 rejects
1048 4075 1091 4124 tbe
1106 4077 1236 4140 negotium
1253 4075 1300 4126 but
1316 4093 1385 4141 upon
1402 4077 1494 4126 critimi

336 4165 391 4214 pro,
400 4149 483 4216 idque.
495 4149 569 4200 Brun.
594 4151 892 4202 Adistincticnisdrawn
943 4157 1083 4221 principles,
1101 4159 1144 4207 tbe
1160 4159 1230 4208 three
1246 4159 1367 4208 excellent
1379 4159 1457 4209 MSS
1470 4162 1493 4208 in

339 4231 365 4279 in
378 4232 419 4280 tbe
431 4231 533 4280 Diuinae.
549 4231 590 4282 Or.
604 4232 715 4282 between
727 4234 770 4282 the
777 4235 893 4283 materiei
944 4237 1024 4286 which
1041 4239 1098 4286 itis
1114 4237 1193 4286 found
1206 4239 1294 4288 ebould
1308 4239 1340 4288 be
1356 4239 1494 4290 conclusive

339 4313 384 4362 fire
406 4315 462 4363 tbut
483 4313 533 4362 will
559 4329 676 4364 consume
700 4315 743 4364 tbe
764 4315 842 4365 worid
867 4317 897 4366 oi
943 4319 1025 4369 sorita
1036 4320 1167 4371 retention.

340 4399 439 4456 matter,
452 4396 502 4446 end
513 4395 556 4445 the
570 4411 639 4445 more
650 4397 731 4446 subtie
742 4397 792 4446 aud
805 4397 892 4447 imma·
992 4399 1003 4432 ⁸
1023 4401 1062 4450 Uti
1079 4418 1192 4465 neque..
1201 4401 1317 4466 amplius,
1336 4405 1392 4453 ecee
1408 4405 1446 4452 be
1467 4407 1493 4454 τὸ

340 4477 411 4526 terial
432 4477 583 4526 instrument
605 4479 634 4526 of
652 4479 739 4539 wretb,
759 4479 816 4528 that
834 4497 892 4528 oon·
944 4485 1014 4542 σῶμα
1032 4487 1061 4532 ed
1082 4486 1292 4534 emunt»...0ote
1308 4487 1492 4544 reno...pfn·

339 4559 440 4610 stitutus
455 4559 499 4609 tbe
512 4559 673 4624 punishment
689 4561 718 4609 os
733 4562 781 4610 evil
797 4562 888 4624 spirits
943 4568 994 4614 her.

341 4643 388 4690 'roe
411 4644 482 4704 πυρὸς
503 4645 532 4692 τὸ
553 4645 597 4702 μέν
618 4647 753 4704 σωματικὸν
774 4646 893 4704 nepem
991 4645 1002 4678 ⁷
1019 4645 1183 4707 &mim
1202 4647 1330 4709 amoime.
