3225 5184
314 362 381 428 284
596 378 696 433 DEUS
720 378 799 433 NON
825 378 1186 434 cmcuuscmmrun.

148 542 204 585 nm
213 542 243 630 121·
257 547 300 585 :a
314 530 409 619 igitur
423 554 485 599 nou
500 534 689 622 ignorabunt
703 533 843 612 Patrem,
858 554 931 599 cum
945 533 1028 599 intra
1040 554 1113 599 eum
1125 535 1211 610 sint3
1227 554 1287 599 nec
1296 531 1479 599 oecundum

154 636 293 725 ⁰3}sspr
315 637 546 704 descensionem
568 638 768 705 emissionum
787 637 891 703 minus
910 637 1023 723 aliquis
1043 645 1212 726 cognoscet
1232 658 1316 715 eum,
1331 636 1478 720 undique

187 730 230 769 xiil.
239 732 257 771 d.

150 803 300 816 u—...

314 760 423 806 omnes
440 762 461 805 a
476 741 573 806 Patre
595 741 756 826 aequaliter
777 740 981 807 circumdati:
1001 741 1057 806 ssd
1078 749 1112 807 et
1132 738 1338 827 impassibiles
1358 759 1478 805 omnes

313 844 456 909 similiter
480 846 730 930 perseverabunt,
758 865 830 909 cum
856 844 920 908 sint
948 842 982 908 in
1010 844 1148 929 paternis
1169 842 1348 918 visceribus,
1371 848 1407 906 et
1436 840 1476 903 in

314 946 558 1012 deminoratione
581 968 673 1013 nemo
702 948 840 1032 ipsorum
866 946 934 1012 erit.
980 946 1055 1011 Non
1078 947 1163 1011 enim
1188 955 1238 1011 est
1263 943 1475 1011 deminoratio

315 1050 421 1128 Pater,
436 1049 495 1114 nisi
511 1050 600 1127 forte,
617 1050 700 1115 velut
718 1049 750 1113 in
764 1049 878 1115 circulo
893 1071 1007 1137 magno
1021 1050 1122 1115 minor
1132 1050 1310 1115 continetur
1322 1046 1474 1123 circulus,

313 1160 345 1216 et
361 1153 442 1217 iutra
461 1153 544 1218 bunc
558 1174 665 1217 rursus
685 1153 765 1217 alter
782 1152 903 1228 minor;
928 1162 984 1219 aut
998 1153 1082 1219 velut
1105 1153 1237 1239 sphaerae
1254 1150 1474 1228 similitudine,

312 1266 368 1323 nub
389 1258 554 1345 tetragoni,
575 1258 702 1321 Patrem
723 1256 830 1321 dicant
848 1258 931 1321 intra
946 1279 982 1323 se
1003 1256 1138 1342 undique
1155 1256 1314 1322 continere
1334 1254 1474 1341 sphaerae

312 1360 558 1439 similitudinem,
574 1360 621 1425 vel
642 1360 826 1445 quadratam
842 1360 994 1445 reliquam
1008 1360 1152 1425 AEonum
1167 1359 1374 1435 emissionem,
1388 1379 1474 1423 uuo·

312 1485 435 1549 quoque
460 1464 579 1528 illorum
604 1462 796 1529 circumdato
819 1465 860 1527 ab
880 1485 918 1528 eo
939 1464 993 1548 qui
1013 1472 1174 1549 estsuper
1195 1457 1267 1527 eum
1288 1464 1408 1548 major;
1434 1468 1476 1526 et

311 1567 523 1633 circumdante
537 1589 619 1645 eum,
635 1565 687 1652 qui
702 1575 773 1653 post
793 1587 829 1631 se
843 1575 902 1644 est,
915 1566 1085 1640 minorem
1101 1574 1135 1631 et
1153 1576 1280 1651 propter
1292 1565 1352 1629 hoc
1367 1565 1473 1629 mino·

311 1692 378 1735 rem
391 1679 423 1736 et
438 1671 580 1735 ultimum
595 1672 732 1737 omnium
748 1671 779 1735 in
794 1670 897 1736 medio
908 1670 1125 1749 constitutum,
1139 1680 1177 1735 et
1187 1669 1318 1734 multum
1332 1692 1354 1734 a
1371 1668 1474 1733 Patre

310 1782 499 1859 separatum,
528 1774 688 1863 ignorasse
715 1776 930 1859 Propatorem.
970 1774 1003 1839 si
1032 1782 1139 1839 autem
1163 1772 1232 1838 haeo
1261 1772 1406 1849 dixerint,
1434 1771 1473 1835 in

309 1876 411 1962 ligure
425 1886 457 1941 et
471 1877 755 1963 circumscriptione
770 1877 955 1942 concludent
971 1876 1109 1963 Bytbum
1123 1878 1271 1964 ipsorum,
1286 1886 1319 1941 et
1334 1876 1472 1941 circum·

310 1975 447 2055 dantem,
466 1987 498 2043 et
518 1978 763 2043 circumdatum:
781 1988 934 2065 cogentur
954 1980 1037 2045 enim
1057 1988 1091 2045 et
1111 1988 1203 2045 extra
1221 1978 1306 2043 illum
1320 1978 1471 2043 confiteri

310 2099 378 2143 esse
400 2078 526 2163 aliquid,
542 2080 624 2164 quod
639 2080 810 2145 circumdet
824 2103 906 2146 eum.
953 2080 999 2146 Et
1013 2081 1212 2146 nihilominus
1227 2081 1259 2143 in
1278 2080 1470 2143 immensum

310 2179 349 2245 de
374 2180 424 2245 his
448 2182 500 2267 qui
523 2182 685 2247 continent
707 2193 739 2248 et
763 2186 961 2250 continentur
986 2185 1102 2250 incidet
1126 2207 1248 2251 sermo:
1276 2193 1311 2251 et
1334 2208 1471 2271 corpora

310 2282 429 2351 inclusa
443 2306 512 2349 esse
528 2297 655 2350 ¹omues
669 2286 833 2352 manifeste
847 2289 1050 2374 apparebunt.

373 2390 402 2453 3.
451 2388 567 2453 Adhuc
593 2388 687 2453 etiam
712 2398 768 2453 aut
794 2411 925 2455 vacuum
946 2413 1016 2457 eme
1041 2413 1113 2455 eum
1140 2392 1380 2469 confitebuntur,
1408 2401 1471 2457 aut

308 2495 418 2557 ¹omue
433 2491 515 2577 quod
527 2502 576 2557 est
590 2492 672 2559 intre
683 2516 768 2570 eum;
784 2516 894 2559 omnes
904 2494 1045 2559 similiter
1059 2495 1288 2582 participabunt
1302 2495 1341 2560 de
1357 2496 1468 2562 Patre.

309 2596 578 2677 Quemadmodum
604 2598 637 2661 in
651 2618 733 2683 aqua
753 2597 885 2663 circulos
905 2597 933 2662 si
957 2598 1147 2682 quiessent,
1174 2597 1222 2665 vel
1245 2600 1395 2664 rotundas
1417 2599 1469 2665 vel
1482 2621 1561 2661 omae

308 2699 476 2783 quadratas
502 2701 626 2786 figuras,
650 2701 755 2767 omnia
780 2701 849 2766 baec
874 2700 1016 2766 similiter
1040 2702 1270 2788 participabunt
1299 2702 1338 2768 de
1360 2724 1464 2787 aqua:

308 2803 567 2885 quemadmodum
582 2812 615 2867 et
630 2826 700 2888 quae
717 2803 748 2867 in
766 2810 839 2868 abre
853 2803 1051 2882 fabricantur,
1068 2826 1194 2869 necesse
1210 2814 1261 2870 est
1278 2805 1468 2891 participare

308 2903 347 2969 de
361 2912 452 2979 abre3
469 2914 501 2971 et
522 2928 591 2991 quae
610 2906 642 2971 in
657 2906 782 2984 lumine,
798 2906 856 2971 ²de
869 2907 1003 2972 lumine:
1020 2908 1066 2973 sic
1080 2917 1113 2973 et
1127 2908 1180 2993 qui
1194 2916 1269 2973 sunt
1283 2909 1365 2973 intra
1378 2930 1465 2988 eum,

308 3025 416 3071 omues
430 3007 571 3073 similiter
582 3008 814 3094 participabunt
826 3009 866 3073 de
882 3008 989 3088 Patre,
1005 3008 1181 3095 ignorantia
1194 3011 1278 3097 apud
1290 3034 1345 3077 eos
1358 3011 1467 3077 locum

307 3128 369 3173 nou
395 3109 540 3176 habente.
587 3111 653 3176 Ubi
682 3111 766 3176 enim
794 3111 991 3198 participatio
1019 3112 1127 3177 Patris
1150 3114 1370 3199 adimplentis!
1426 3117 1463 3182 si

306 3220 412 3277 autem
438 3214 625 3300 adimplevit.
647 3215 707 3280 illio
733 3224 766 3279 et
792 3202 968 3302 ignorantia
990 3237 1053 3280 uon
1077 3217 1146 3283 erit.
1197 3218 1342 3283 Solvetur
1366 3220 1466 3306 igitur

307 3314 444 3401 ipsorum
468 3317 722 3383 deminoratiouis
749 3340 852 3405 opera,
880 3327 914 3383 et
945 3319 1084 3384 materiae
1113 3319 1248 3400 emissio,
1280 3330 1314 3387 et
1341 3322 1464 3408 reliqua

305 3418 412 3481 mundi
433 3419 606 3493 fabricatio,
631 3443 700 3505 quae
722 3442 761 3485 ex
780 3420 924 3506 passione
938 3428 972 3485 et
996 3420 1171 3507 ignorantia
1190 3423 1297 3489 volunt
1316 3424 1463 3489 substan-

305 3518 383 3583 tiam
398 3519 553 3588 hebuisse.
587 3522 620 3587 si
635 3534 741 3588 autem
752 3546 884 3589 vacuum
895 3522 981 3586 illum
995 3525 1235 3603 confitebuntur,
1246 3525 1279 3591 iu
1289 3527 1463 3592 maximam

305 3619 477 3687 incidentes
501 3623 735 3709 blasphemiam,
760 3626 959 3712 denegabunt
981 3624 1013 3689 id
1042 3625 1125 3710 quod
1147 3636 1197 3692 est
1217 3628 1355 3715 spiritale
1380 3631 1459 3716 ejus.

306 3723 574 3804 Quemadmodum
590 3726 673 3789 enim
683 3732 749 3791 ⁸est
763 3726 911 3813 spiritalis
925 3727 962 3807 is,
978 3726 1031 3813 qui
1045 3748 1086 3792 ue
1100 3728 1226 3814 quidem
1239 3752 1278 3796 es
1292 3754 1362 3817 quae
1377 3732 1462 3797 intra

305 3844 376 3888 eum
391 3834 475 3903 sunt,
490 3826 659 3913 adimplere
669 3832 792 3915 potest!

370 3931 399 3993 4.
448 3928 529 3995 Haec
544 3938 659 4010 autem,
675 3956 745 4018 quae
762 3934 847 3999 dicta
860 3942 936 3998 sunt
949 3934 989 3999 de
1005 3956 1117 4001 sensus
1130 3937 1306 4017 emissione,
1317 3939 1461 4005 similiter

303 4036 336 4094 et
350 4028 496 4095 adversus
511 4053 575 4109 eos,
591 4032 644 4117 qui
659 4056 679 4099 a
694 4034 831 4100 Basilide
845 4044 930 4113 suut,
943 4044 1053 4122 aptata
1066 4048 1154 4104 sunt:
1180 4048 1213 4104 et
1225 4040 1375 4105 adversus
1387 4041 1461 4107 reli-

303 4154 381 4218 quos
397 4133 574 4213 Gnosticos,
590 4158 610 4201 a
624 4137 736 4221 quibus
750 4146 783 4203 et
797 4138 830 4202 bi
845 4138 949 4203 ‘initia
963 4140 1164 4206 emissionum
1174 4144 1373 4229 accipientes,
1384 4167 1461 4210 con-

350 4358 359 4391 ²
378 4360 433 4420 ἥτὸ
445 4365 493 4411 πᾶν
505 4366 552 4413 ἔσω
564 4366 644 4415 αὐτοῦ.
905 4369 1000 4430 ἀνάγκη
1010 4371 1063 4418 ἐστὶ
1073 4372 1185 4432 μετέχειν
1200 4373 1244 4420 τοῦ
1255 4373 1329 4434 ἀέρος,
1344 4375 1384 4422 mal
1400 4374 1418 4423 d
1434 4377 1461 4424 έν

267 4492 275 4505 .
349 4438 428 4491 ’The
448 4444 547 4493 Onnum
561 4444 618 4494 MS.
638 4446 727 4494 inserts
744 4452 784 4506 cet,
803 4449 854 4497 end
904 4451 969 4509 φῶτέ
980 4452 1039 4511 ἐστι,
1054 4454 1140 4514 φῶτας.

300 4525 320 4571 it
342 4524 363 4572 is
380 4530 425 4573 not
447 4542 479 4573 au
502 4526 654 4590 improbable
676 4528 785 4592 reading,
809 4530 853 4579 tbs
950 4530 1031 4581 'The
1047 4533 1146 4584 cumn
1166 4534 1223 4585 MS.
1243 4536 1288 4585 bas
1305 4538 1458 4601 madero·

301 4600 383 4649 tiresia
395 4601 475 4665 being,
489 4605 521 4651 τὰ
538 4606 608 4667 torol
625 4608 675 4669 ἀέρι
692 4608 849 4669 πεποιημένα,
902 4610 960 4660 dum
972 4613 1037 4662 arim
1046 4613 1173 4677 epistulis,
1209 4616 1424 4682 Vossapiriae.
