3225 5184
308 340 374 404 348
651 351 871 406 rabanum
896 349 1114 404 souvnNnAE

147 525 235 612 ιιιιΙιιΙ
242 527 271 565 n.
273 527 299 594 .·¹
228 505 456 674 *copulare
469 473 716 648 absolutionibus
731 504 958 592 parabolarum,
974 526 1053 591 quas
1066 502 1279 589 unusquisqne
1294 505 1400 586 prout
1416 493 1486 561 vult

151 740 298 750 ---
311 714 420 798 quanti
434 713 548 778 fuerint
567 713 618 800 qui
640 713 800 778 absolvent
815 713 988 800 parabolas,
1009 719 1107 777 tantae
1121 710 1310 775 videbuntur
1324 652 1489 770 veritatem

311 824 486 903 pugnantes
511 825 611 882 semet
637 816 778 892 invicem,
803 823 837 881 et
862 814 1018 880 contraria
1042 813 1168 879 sibimet
1193 811 1347 897 dogmata
1374 816 1490 871 statn-

309 926 408 996 entes,
443 919 524 983 sicut
554 927 586 983 et
614 919 777 1006 gentilium
810 918 1064 1004 philosophorum
1100 914 1300 1001 qnaestionee.
1361 910 1490 996 Itaque

309 1021 479 1086 secundum
504 1021 584 1086 banc
610 1021 773 1098 rationem,
797 1021 892 1085 bomo
920 1021 1046 1106 quidem
1072 1040 1195 1102 semper
1221 1015 1363 1101 inquiret
1399 1035 1488 1076 nun·

310 1144 403 1208 qnam
424 1131 530 1186 autem
549 1123 693 1200 inveniet,
716 1145 754 1190 eo
775 1123 882 1210 quod'
874 1144 974 1207 ipsam
996 1121 1183 1186 inventionis
1203 1117 1359 1204 abjecerit
1383 1116 1489 1180 disci·

147 1241 169 1279 ιι
171 1245 246 1280 ιιιι
234 1223 436 1309 ι.ιρ1ἰιιιιιιι.
485 1225 530 1289 Et
548 1247 619 1290 cum
637 1226 755 1290 venerit
779 1225 961 1311 Sponsuss
952 1247 979 1289 rs
999 1224 1051 1310 qui
1073 1223 1258 1308 imparatam
1276 1221 1381 1284 habet
1402 1220 1489 1283 lam-

310 1329 432 1444 padem,
447 1329 531 1396 nulla
545 1329 700 1396 manifesti
715 1329 841 1394 luminis
856 1328 999 1394 claritate
1018 1327 1198 1414 fulgentem,
1214 1323 1347 1389 recurrit
1361 1323 1412 1387 ad
1426 1345 1489 1387 eos

310 1430 363 1518 qui
388 1430 598 1496 absolutiones
621 1430 871 1516 parabolarum'
863 1452 896 1495 ιιι
922 1429 1060 1496 tenebris
1079 1427 1267 1504 distrahunt,
1290 1425 1490 1511 relinquens

311 1555 383 1598 eum
409 1533 462 1621 qui
487 1556 543 1620 per
569 1534 764 1600 manifestam
794 1534 1048 1620 pradicationem
1077 1531 1179 1618 gratis
1204 1530 1301 1594 donat
1327 1528 1374 1592 ad
1406 1550 1487 1592 enm

312 1635 495 1722 ingressum,
511 1644 543 1700 et
558 1636 731 1701 excluditur
745 1657 765 1699 a
779 1635 918 1700 thalamo
932 1635 1011 1720 ejus.

377 1739 408 1802 2.
454 1737 534 1802 (lum
557 1739 663 1824 itaque
683 1737 835 1803 universae
859 1736 1041 1822 Scripturas,
1057 1740 1091 1798 et
1111 1731 1291 1820 prophetice,
1307 1739 1343 1795 et
1367 1731 1488 1796 Eran-

310 1838 401 1926 gelia,
425 1839 458 1902 in
483 1849 601 1926 aperto,
627 1847 660 1905 et
688 1840 755 1904 sins
784 1838 1001 1926 ambiguitate,
1027 1846 1060 1902 et
1085 1835 1227 1902 similiter
1251 1837 1292 1899 ab
1323 1836 1487 1900 omnibus

312 1943 412 2008 audiri
428 1943 549 2029 possint
563 1943 622 2008 etsi
638 1966 700 2009 non
721 1964 831 2008 omnes
850 1942 991 2020 credunt,
1007 1963 1105 2004 unum
1125 1948 1159 2004 et
1179 1939 1280 2004 solnm
1294 1937 1421 2016 Deum,
1437 1941 1486 2004 ad

311 2044 520 2110 excludendos
531 2047 618 2124 alios,
634 2046 806 2131 praedicent
821 2046 927 2110 omnia
940 2044 1051 2109 fecisse
1064 2065 1120 2130 ρει
1132 2043 1273 2107 Verbum
1286 2063 1397 2119 suum,
1411 2042 1486 2106 sive
1585 2030 1586 2055 ¹

311 2147 455 2224 visibilia,
478 2149 543 2214 sive
563 2148 735 2226 invisibilia,
751 2148 817 2213 sive
831 2149 981 2227 coelestia,
1000 2149 1065 2212 sive
1079 2156 1212 2224 terrena,
1227 2145 1291 2211 sive
1304 2146 1481 2230 aquatilia,

310 2250 374 2315 sive
388 2251 601 2328 subterranea,
616 2251 698 2316 sicut
712 2251 995 2316 demonstravimus
1011 2272 1051 2314 ex
1067 2249 1142 2335 ipsis
1157 2248 1394 2333 Scripturarum
1410 2248 1481 2312 dic-
1585 2232 1587 2251 i

309 2355 460 2431 tionibus;
486 2364 518 2420 et
544 2355 612 2442 ipsa
636 2364 742 2421 autem
764 2363 907 2420 creatura
927 2355 961 2418 in
984 2377 1045 2440 qua
1067 2375 1185 2431 sumus,
1208 2373 1263 2438 per
1281 2374 1320 2416 ea
1342 2372 1420 2436 quae
1442 2353 1480 2415 in

309 2467 472 2544 aspectum
483 2458 620 2538 veniunt,
633 2459 693 2524 hoc
709 2459 811 2546 ipsum
827 2466 975 2534 testante,
996 2479 1092 2523 unum
1113 2479 1182 2522 esse
1202 2455 1254 2543 qui
1274 2476 1345 2520 earu
1360 2454 1480 2520 fecerit

309 2570 343 2626 et
365 2570 462 2650 rogat,
487 2562 575 2627 valde
596 2563 725 2627 hebetes
744 2563 948 2648 apparebunt,
968 2561 1021 2647 qui
1042 2561 1083 2624 ad
1105 2568 1172 2625 tam
1186 2558 1322 2624 lucidam
1338 2558 1478 2644 artaper-

309 2663 427 2729 tionem
450 2665 618 2731 caecutinnt
640 2666 756 2743 oculos,
782 2673 815 2729 et
839 2664 950 2729 nolunt
972 2664 1074 2729 videre
1094 2662 1200 2728 lumen
1224 2661 1476 2748 praedicationis,

310 2765 366 2829 sed
381 2767 599 2853 constringunt
610 2765 804 2851 semetipsos,
826 2774 859 2829 et
876 2787 932 2851 ρει
952 2767 1134 2830 tenebrosas
1148 2763 1364 2851 parabolarum
1378 2764 1477 2828 abso-

310 2866 444 2932 lotiones
459 2868 670 2954 unusquisque
685 2889 791 2932 eorum
806 2867 965 2952 proprium
979 2875 1069 2952 putat
1086 2867 1241 2931 invenisse
1256 2867 1372 2930 Deum.

376 2973 406 3034 3.
454 2969 535 3050 Quia
560 2970 644 3034 enim
672 2970 711 3033 de
735 2970 916 3056 excogitato
946 2992 1052 3035 eorum
1076 2970 1129 3058 qui
1157 2969 1313 3035 contraria
1339 2969 1476 3054 opinan-

309 3081 361 3136 tur
377 3072 482 3150 Patre,
498 3071 575 3138 nihil
597 3081 714 3156 aperte,
735 3076 854 3156 ²neque
874 3073 942 3159 ipsa
963 3073 1110 3153 dictione,
1133 3095 1233 3159 neque
1254 3072 1322 3137 sine
1344 3079 1477 3136 contro

309 3174 418 3254 versia,
446 3175 478 3240 in
505 3174 589 3238 nulla
611 3173 737 3239 omnino
763 3173 882 3240 dictum
905 3176 948 3240 sit
971 3177 1143 3262 Scriptura,
1167 3184 1201 3241 et
1226 3175 1287 3261 ipsi
1312 3181 1477 3240 testantur

309 3279 459 3358 dicentes,
480 3279 512 3343 in
527 3281 679 3345 absconso
694 3278 761 3343 hac
776 3279 887 3343 eadem
903 3279 1093 3345 Salvatorem
1115 3280 1258 3345 docuisse
1271 3300 1335 3342 non
1349 3298 1474 3354 omnes,

308 3381 364 3446 sed
378 3382 515 3468 ³aliqu0s
530 3381 760 3466 discipulorum,
771 3381 822 3468 qui
835 3389 967 3466 possunt
978 3404 1098 3468 capere,
1111 3391 1144 3447 et
1159 3403 1214 3468 per
1228 3386 1426 3467 argumenta,
1437 3388 1475 3443 et

308 3485 488 3572 aenigmata,
504 3492 536 3548 et
551 3485 714 3569 parabolas
725 3485 766 3549 ab
780 3506 819 3548 eo
833 3484 1009 3570 significata
1023 3484 1277 3572 intelligentibus.
1324 3481 1474 3546 Veniunt

310 3595 417 3651 autem
432 3587 472 3650 ad
487 3587 557 3662 hoc,
573 3595 609 3650 ut
624 3587 738 3665 dicant,
753 3586 848 3650 alium
863 3587 988 3673 quidem
1009 3610 1078 3653 esse
1099 3589 1152 3675 qui
1167 3585 1354 3674 praedicatur
1369 3584 1472 3660 Dens,

308 3700 342 3758 et
367 3690 461 3756 alium
491 3690 630 3770 Patrem,
661 3691 713 3777 qni
742 3712 798 3777 ρει
825 3693 988 3778 parabolas
1016 3702 1049 3758 et
1077 3693 1247 3780 :enigmata
1271 3691 1474 3778 significatur

358 3897 367 3936 ²
386 3899 532 3964 Something
543 3897 737 3965 condemnatory
748 3905 818 3948 must
833 3899 865 3948 be
914 3899 958 3951 the
973 3900 1081 3950 Διιιιιιιι.
1103 3898 1307 3950 reodbirnam
1327 3898 1405 3948 MSS.
1442 3897 1473 3946 Ia

308 3981 427 4048 supplied,
441 3981 578 4032 uduftrcm
588 3989 635 4037 ιιιι
651 3998 686 4044 or,
695 3983 809 4048 perhaps,
822 3984 865 4032 tbo
913 3983 935 4031 is
957 3998 990 4031 no
1011 3983 1135 4046 marginal
1159 3982 1233 4032 Gloss
1255 3998 1283 4032 ss
1305 3983 1348 4031 the
1369 3980 1471 4042 foreign

308 4079 378 4112 ronse
390 4080 440 4112 was
452 4061 546 4113 carried
557 4079 589 4112 on
600 4061 699 4128 beyond
710 4063 753 4113 the
764 4066 865 4130 present
913 4061 1005 4112 editors
1027 4061 1143 4128 imagine,
1163 4063 1210 4113 but
1227 4065 1271 4112 the
1287 4062 1368 4111 literal
1386 4066 1469 4110 trans·

306 4145 393 4210 period
400 4164 407 4205 ;
424 4161 442 4197 c.
449 4161 473 4208 p.
496 4145 571 4195 odron
586 4147 633 4208 ἄρα
651 4143 716 4209 [Int.
730 4145 790 4211 γὰρ]
809 4141 860 4206 μετ’
912 4144 991 4192 lation
1011 4143 1040 4191 ot'
1058 4145 1188 4204 αὐιιλεξει.
1231 4144 1278 4194 soe
1296 4160 1321 4207 p.
1342 4154 1397 4204 347,
1419 4142 1466 4192 Gr.

307 4227 397 4277 οὐδενὸς
417 4245 507 4287 κ.τ.ιι.,
533 4228 614 4276 which
639 4228 700 4276 then
721 4228 799 4278 forms
820 4229 864 4276 the
911 4227 1001 4290 fragm.

306 4309 426 4358 ἀπόδοσις.
961 4307 972 4340 ⁸
994 4306 1096 4371 clipiaco,
1120 4307 1163 4356 the
1184 4305 1285 4356 Qunam.
1313 4307 1371 4356 MS.
1395 4306 1468 4354 reads

356 4388 456 4453 'nepae
478 4389 534 4453 ipro
561 4390 672 4449 dictione,
701 4390 805 4438 omitted
828 4390 863 4454 by
911 4389 1034 4451 qnondam.
1071 4389 1125 4438 The
1147 4389 1229 4438 Greek
1251 4405 1310 4454 may
1331 4389 1395 4437 have
1416 4387 1467 4439 bod

307 4470 416 4532 cunam,
449 4471 540 4532 Voss,
572 4472 659 4522 Mass.
692 4471 742 4520 and
772 4471 860 4520 Srlrn.
911 4473 1077 4530 ιλὴνᾱλλουι
1091 4487 1164 4531 rerer,
1181 4471 1286 4520 andthe
1301 4470 1466 4533 Latinmtgi·

306 4552 353 4600 but
369 4551 499 4614 preserved
517 4553 551 4616 by
570 4554 673 4614 Gnaeo,
693 4569 719 4602 as
738 4553 816 4603 found
835 4553 860 4600 in
909 4553 984 4616 nally,
998 4553 1112 4602 sedulior
1123 4553 1245 4616 praedam.
