3225 5184
312 373 380 438 316
734 387 1029 444 mooususums

174 563 266 649 usp.
312 547 479 608 consntcm
501 539 579 620 fieri,
597 548 631 607 et
653 541 961 657 comprehensionem
985 549 1125 627 poteruae
1145 541 1287 608 mritstis
1306 539 1493 626 concupis-

177 620 224 696 flii
235 649 435 708 ¹1·centem
450 641 596 720 hebere,
587 665 621 708 m
635 643 812 728 pnssionem
824 643 933 710 dicunt
946 644 1109 710 recidisse.
1125 652 1159 710 ιι
1171 642 1351 728 pnssionem
1364 642 1491 718 talem,

163 703 280 834 AAffiiIcJ
313 754 350 810 ut
364 744 484 810 ¹nisi'
455 768 485 812 ιι
504 745 688 812 occurrisset
702 746 805 812 virtuti
808 768 903 832 ,quse
921 746 1026 812 omnis
1042 747 1156 826 tirmst'.
1171 745 1342 812 difflolutm
1361 745 1493 810 filimi

151 873 298 882 --
313 849 347 915 in
359 849 534 916 universam
548 849 767 930 substantiam,
781 858 816 916 st
828 850 1066 917 exterminatus.

749 1070 852 1135 OAP.
875 1069 1035 1136 XXVII.

317 1199 502 1293 Quoniam
527 1227 595 1275 nou
620 1201 721 1301 capit
738 1203 896 1276 AEonem
921 1199 1024 1299 infra
1040 1199 1218 1274 Pleroma
1243 1196 1486 1274 desiderium

675 1315 864 1418 passionis
881 1315 1100 1418 percepisse.

381 1475 529 1540 Vnsisu
544 1483 593 1542 est
611 1476 680 1542 hscc
699 1475 912 1562 praesumptio,
934 1484 968 1542 et
980 1498 1052 1542 vere
1070 1475 1290 1542 destitutomm
1303 1497 1324 1540 ι
1337 1476 1483 1542 veritate
1497 1495 1529 1534 ιι.
1539 1495 1573 1532 re

313 1600 424 1646 sensns
438 1580 609 1646 hominum.
655 1579 809 1662 Quoniam
823 1579 906 1645 enim
918 1581 1009 1645 AEon
1030 1579 1084 1644 hic
1097 1577 1206 1645 melior
1223 1586 1273 1645 est
1286 1600 1384 1664 quern
1398 1579 1481 1664 ipsi,

314 1688 347 1746 et
376 1681 536 1761 vetustior,
562 1681 622 1768 ipsi
648 1705 770 1767 quoque
795 1683 985 1747 confitentur
1005 1682 1177 1748 secundum
1198 1702 1289 1746 susm
1316 1681 1481 1769 regulsm,

314 1783 454 1850 dicentes
468 1808 502 1850 se
525 1807 594 1851 esse
610 1795 795 1870 conceptum
818 1785 1048 1872 Enthymeseos
1061 1786 1130 1873 ejus
1144 1785 1263 1850 AEonis
1282 1786 1336 1870 qui
1357 1807 1483 1869 possm

314 1894 374 1964 ost,
389 1886 435 1952 its
448 1895 485 1952 ut
501 1888 544 1953 sit
553 1888 608 1954 hic
624 1891 714 1953 AEon
731 1888 870 1954 Mettis
861 1911 999 1976 ipsorum
1012 1899 1111 1976 peter,
1123 1889 1156 1953 id
1171 1897 1220 1955 est
1230 1911 1308 1954 ιιιιι
1320 1889 1481 1973 ipsorum.

316 1999 361 2063 Et
387 1999 608 2084 posterioribus
636 2001 761 2086 quidem
790 2001 956 2086 nepotibus
977 2001 1143 2087 exquisitio
1165 2001 1272 2066 Petris
1294 2000 1477 2077 veritatem,

314 2107 348 2166 ιι
371 2101 601 2185 perfectionem,
624 2112 657 2168 et
681 2103 960 2184 confirmationem,
981 2110 1031 2170 ²et
1052 2105 1272 2190 eliquationem
1293 2126 1315 2169 ι
1335 2103 1475 2168 fluxibili

314 2204 445 2269 materis
467 2205 553 2283 iecit,
575 2205 657 2270 sicut
679 2206 797 2283 dicunt,
818 2215 851 2274 et
873 2207 1154 2274 reconciliationem
1173 2209 1214 2273 cd
1233 2209 1382 2272 Patrem:
1408 2229 1474 2272 evo

313 2306 448 2372 sutem'
439 2329 575 2392 ipsorum
589 2308 658 2374 haec
680 2310 819 2376 endem
809 2311 967 2396 inquisitio
988 2310 1206 2399 ignorantiam,
1227 2318 1261 2376 ct
1279 2309 1471 2395 passionem,

313 2417 347 2474 ιι
369 2410 648 2494 expavescentism,
672 2420 705 2478 ct
733 2412 887 2492 timorem,
918 2421 952 2479 et
968 2413 1250 2478 consternationem
1270 2411 1407 2490 ”iniecit
1426 2434 1473 2477 ex

314 2514 426 2600 quibus
440 2522 473 2580 ct
485 2515 693 2582 substantiam
709 2517 847 2583 meteriae
862 2518 978 2582 tactem
992 2516 1110 2583 dicunt.
1155 2516 1328 2602 Exquirere
1341 2538 1419 2603 ergo
1434 2524 1472 2580 ιι

312 2617 500 2706 investigere
515 2620 686 2704 perfectum
698 2620 838 2698 Petrcm,
846 2629 880 2686 et
887 2619 1170 2705 concupiscentiam
1179 2618 1474 2685 communicationis

313 2740 385 2786 cum
405 2743 443 2786 eo
469 2729 502 2786 et
523 2722 663 2800 unitatis,
686 2723 745 2789 sibi
779 2722 905 2808 quidem
926 2721 1062 2787 snlutnre
1084 2722 1171 2798 fieri;
1187 2723 1290 2787 AEoni
1311 2729 1429 2798 sutem,
1450 2744 1474 2786 ι

314 2845 375 2908 quo
396 2831 430 2890 ιι
450 2846 549 2911 genus
571 2826 697 2903 hebent,
720 2825 932 2892 dissolutionis
960 2833 993 2890 et
1015 2825 1198 2910 perditionis
1220 2845 1348 2890 ceussm
1372 2825 1473 2889 fuisse

314 2925 463 3004 dicentes,
480 2927 635 3012 quomodo
648 2949 712 2992 non
733 2950 789 3013 per
811 2929 917 2993 omnis
939 2927 1154 3015 iucongruum,
1172 2935 1206 2994 ιι
1226 2928 1358 3006 ictuum,
1372 2935 1407 2992 et
1427 2927 1472 2990 ir·

313 3027 516 3094 rationabile!
560 3029 605 3094 Et
619 3030 673 3116 qui
687 3030 863 3095 assentiunt
879 3031 940 3110 his,
956 3052 1026 3097 vere
1041 3031 1128 3110 caeci,
1143 3028 1237 3096 coecis
1250 3029 1472 3096 ⁴ducstoribus

314 3137 448 3211 utentes,
459 3131 545 3218 juste
559 3138 593 3197 ιι
606 3141 754 3200 corruunt
768 3132 801 3196 in
814 3133 1028 3221 subjacentem
1042 3132 1225 3220 ignorantiae
1239 3132 1436 3218 profundum.

747 3353 850 3419 OAP.
874 3353 1054 3421 XXVIII.

316 3490 503 3582 Quomodo
526 3490 728 3566 desemine
750 3490 915 3591 ipsorum
937 3517 1054 3567 sermo
1077 3492 1266 3568 universim
1286 3490 1471 3567 instabiles

385 3605 606 3682 ostenditur:
630 3622 662 3682 et
686 3609 861 3707 quoniam
884 3636 955 3684 coc
975 3609 1159 3708 ipcorouit
1180 3609 1409 3710 Demiurpus
1426 3609 1469 3683 in

390 3749 471 3798 eum
487 3723 635 3799 seminis
651 3725 921 3824 depositionem.

314 3883 445 3964 Quium
475 3889 524 3946 est
551 3889 656 3947 eutem
690 3889 723 3948 et
752 3883 792 3947 de
822 3884 940 3950 semine
970 3884 1108 3969 ipsorum
1136 3905 1250 3965 sermo,
1281 3891 1468 3970 conceptum
1482 3909 1506 3947 o.
1515 3909 1551 3948 m

312 3985 436 4072 quidem
450 3985 536 4051 illum
550 3987 719 4052 secundum
733 3985 950 4074 figurationem
963 4010 1070 4054 corum
1084 3989 1223 4074 quisunt
1236 4010 1312 4076 erge
1327 3987 1469 4054 Selecto-

311 4109 378 4153 rem
397 4087 577 4176 angelorum
591 4111 612 4153 ι
629 4089 733 4154 Matre
748 4090 889 4170 insomne,
912 4098 946 4156 et
963 4091 1032 4156 sine
1048 4090 1163 4176 specie,
1177 4099 1212 4157 et
1231 4091 1466 4176 imperfectum

312 4190 488 4275 depositum
501 4199 607 4256 sutem
622 4191 654 4256 in
670 4192 885 4280 Demiurgum,
901 4193 1058 4260 nesciente
1072 4215 1120 4274 eo,
1136 4202 1173 4260 ut
1186 4215 1243 4280 per
1259 4217 1331 4260 eum
1349 4194 1383 4258 in
1395 4214 1467 4258 enm

311 4292 448 4358 enimam
467 4315 537 4379 qum
551 4303 618 4359 erat
632 4295 672 4359 nb
687 4317 725 4360 eo
740 4295 953 4376 5ιιιιιίιιιιιιιι,
969 4297 1187 4382 perfectionem
1202 4305 1236 4364 et
1249 4298 1466 4364 iormntionem

360 4437 370 4470 ¹
389 4437 426 4486 Of·
444 4453 469 4501 p·
485 4449 522 4499 ¹5·
964 4443 976 4474 ⁴
992 4443 1072 4494 osce
1083 4445 1188 4507 diensis
1205 4445 1244 4494 Cf.
1256 4462 1282 4510 p.
1298 4459 1351 4510 149.

360 4517 372 4550 ¹
389 4515 566 4578 solicitum
576 4522 620 4580 τῆι
632 4521 704 4584 ιἰγρᾶς
716 4521 781 4582 sitm.
963 4523 975 4556 ⁸
991 4524 1038 4574 is.
1050 4526 1080 4574 τι
1090 4527 1191 4589 σπαρέν.
1225 4526 1279 4576 'I'bs
1291 4527 1392 4578 omn.
1404 4524 1465 4575 MS.

360 4598 372 4631 ⁸
389 4602 520 4661 terretque.
556 4601 595 4652 (ii.
607 4619 628 4652 c.
641 4605 709 4654 xxvi.
727 4604 743 4654 l.
759 4619 782 4666 3.
914 4604 960 4654 hu
970 4605 1122 4656 modom.
