3225 5184
300 375 365 442 170
782 390 1013 442 rnsrrnronra

136 562 284 651 olffiliglll·
298 546 455 636 ἄβυσσον
495 550 705 653 ὀνομάζοντα
744 552 797 622 καὶ
838 553 970 635 σκότος,
1015 552 1048 621 έν
1088 552 1212 649 σφίσιν
1252 552 1363 627 αὑτοῖς
1398 550 1453 621 καὶ

156 658 260 744 'iiiiii'
297 661 389 761 ὕδωρ,
415 663 469 734 καὶ
491 662 535 735 τὸ
561 664 801 763 ἐπιφερόμενον
830 672 880 753 τῷ
907 662 1003 737 ὕδατι
1028 669 1182 747 ’πνεῦμα
1220 664 1312 735 Μεθ’
1336 664 1372 746 ἣν
1394 670 1454 745 τῆς

136 774 430 852 -δεκάδος
461 779 702 860 μνημονεύοντα
738 782 809 875 φῶς
844 778 965 868 λέγειν,
1000 777 1054 847 καὶ
1091 778 1221 875 ἡμέραν,
1254 777 1308 848 καὶ
1344 778 1452 859 νύκτα,

297 886 470 987 σπερέιομά
488 920 535 972 τε,
553 888 607 959 rai
627 890 780 987 ἑσπέραν,
804 889 858 960 καὶ
879 889 897 961 ὃ
913 896 1065 960 καλεῖται
1091 890 1185 987 πρωῒ,
1213 886 1316 988 ξηρόν
1335 920 1376 960 τε
1397 887 1451 959 καὶ
1465 916 1530 957 aas

299 1003 487 1085 θάλασσαν,
515 1003 564 1073 ἔτι
600 1034 640 1073 τε
664 1002 823 1089 βοτάνην,
854 1001 908 1072 rai
939 1000 1066 1093 δεκάτῳ
1093 1004 1190 1092 τόπῳ
1219 1000 1330 1097 ξύλον·
1365 999 1452 1073 οὗτοι

298 1111 332 1183 δὲ
365 1112 416 1184 διὰ
448 1120 515 1185 τῶν
547 1112 621 1185 δέκα
654 1114 826 1199 ὀνομάτων
854 1115 929 1192 τοὺς
961 1113 1037 1185 δέκα
1069 1114 1197 1191 Αἰῶνας
1233 1115 1450 1197 μεμηνυκέναι.

298 1224 367 1309 Τῆς
385 1224 420 1297 δὲ
438 1224 628 1303 δυοδεκάδος
648 1222 750 1305 οὕτως
768 1225 984 1321 ε’ξεικονέσθαι
1005 1226 1104 1326 ’παρ’
1123 1228 1215 1314 αὐτῷ
1229 1227 1289 1309 την
1309 1226 1450 1310 δύναμιν·

297 1338 391 1421 ἥλιον
413 1337 482 1437 ’γὰρ
508 1339 620 1431 λέγειν
646 1340 699 1410 καὶ
731 1345 877 1424 σελήνην,
905 1340 1052 1439 ἆστέρας
1076 1372 1117 1411 τε
1147 1340 1201 1410 καὶ
1227 1339 1366 1438 καιροὺς,
1389 1340 1452 1409 ένι-

296 1454 413 1529 αυτούς
437 1452 554 1523 τεκαὶ
579 1457 669 1537 κῆπη,
699 1454 815 1548 ι’χθόας
844 1453 897 1523 καὶ
926 1451 1062 1551 ἑρπετὰ,
1089 1449 1224 1524 πετεινά
1253 1453 1306 1522 καὶ
1328 1449 1452 1551 τετρά·

297 1564 395 1650 ποδα,
431 1566 527 1663 θηρία
567 1596 616 1650 τε,
658 1566 711 1637 καὶ
750 1562 904 1637 3πετεινά
944 1597 1011 1636 που
1049 1576 1121 1641 τοῖς
1160 1563 1356 1636 δυοδέκαπον
1389 1563 1452 1636 τδν

297 1676 480 1777 ἄνθρωπον.
520 1674 638 1755 Οὕτως
666 1676 730 1749 iord
755 1684 819 1751 τοῦ
837 1679 1021 1762 πνεύματος
1050 1678 1110 1761 την
1132 1675 1313 1778 τριάκοντα
1334 1673 1451 1783 [πρια-

296 1786 462 1895 κοντάδα]
488 1789 541 1861 διδ
561 1790 728 1868 Μωϋσέιυς
752 1794 901 1890 εἰρῆσθαι
927 1787 1147 1862 διδάσκουσιν.
1178 1788 1292 1861 Ἀλλὰ
1310 1791 1372 1873 μην
1391 1790 1445 1860 καὶ

296 1902 358 1975 τδν
384 1902 543 1975 πλαστδν
572 1904 746 2003 ἄνθρωπον
773 1906 846 1976 κατ’
876 1905 983 1975 εἰκόνα
1007 1912 1066 1986 τῆς
1092 1902 1157 1974 dum
1180 1899 1338 1987 δυνάμεως
1361 1905 1450 1999 ἔχειν

296 2018 329 2085 έν
347 2018 439 2105 αὖα-ᾤ
452 2017 511 2098 την
530 2015 599 2088 ἆπδ
618 2025 676 2098 τῆς
689 2020 765 2100 μιᾶς
778 2020 887 2108 πηγήν
907 2012 948 2123 [l.
960 2024 1067 2107 πηγῆς
1084 2010 1245 2120 δύναμιν]
1277 2014 1448 2115 Ἱδρῦσθαι

297 2125 459 2199 δὲταῦτα
486 2124 650 2233 [ταύτην]
674 2130 706 2199 έν
730 2138 780 2219 τῷ
796 2126 884 2200 κατδι
908 2127 969 2200 τδν
988 2131 1182 2229 ἐγκέφαλον
1199 2130 1306 2219 τόπῳ·
1333 2128 1450 2227 ἀφ’ἦς

296 2241 455 2340 άποῤῥεῖν
477 2239 643 2324 4δυνόμεις
669 2242 850 2341 τέσσαρας,
878 2244 952 2313 κατ’
979 2243 1085 2313 εἰκόνα
1111 2250 1170 2326 τῆς
1193 2240 1257 2312 <ium
1279 2238 1449 2340 τετράδος,

295 2422 442 2507 abyssum
457 2419 674 2486 nominantem
690 2428 724 2487 et
739 2423 897 2500 tenebras,
911 2421 943 2487 in
957 2423 1070 2509 quibus
1081 2428 1156 2488 sunt
1173 2429 1207 2487 et
1225 2442 1325 2508 aqua,
1344 2429 1378 2487 et
1395 2421 1450 2507 qui

295 2520 459 2587 serebatur
475 2544 570 2607 super
586 2544 684 2607 aquas
705 2522 852 2609 Spiritus.
906 2522 987 2587 Post
1004 2545 1098 2608 quam
1116 2522 1244 2588 decadis
1261 2543 1450 2587 oommemo-

296 2629 431 2699 rentem,
457 2622 563 2686 lumen
589 2622 704 2698 dicere,
722 2630 756 2688 et
774 2622 868 2699 diem,
890 2631 925 2688 et
943 2632 1081 2698 noctem,
1100 2629 1134 2687 et
1150 2622 1397 2699 firmamentum,
1415 2628 1451 2687 et

294 2743 467 2807 vesperam,
496 2730 530 2788 ot
555 2722 640 2807 quod
665 2738 798 2787 vocatur
823 2744 925 2796 mane,
953 2730 987 2788 et
1010 2721 1143 2796 aridam,
1168 2729 1202 2787 et
1222 2743 1319 2796 mare,
1345 2720 1450 2786 adhue

295 2820 393 2886 etiam
410 2831 444 2887 et
461 2822 602 2897 herbam,
622 2828 655 2887 et
671 2822 793 2887 decimo
810 2823 880 2887 loco
896 2822 1036 2908 lignum:
1063 2821 1108 2886 sio
1123 2843 1248 2908 quoque
1265 2819 1450 2907 perdecem

295 2920 433 2995 nomina,
453 2945 474 2985 x
494 2922 616 2987 AEonas
633 2921 859 2986 manifestasse.
907 2921 1111 2987 Duodeoadis
1136 2929 1245 2986 autem
1267 2920 1312 2985 sia
1333 2921 1449 2985 forma-

296 3026 363 3083 tam
392 3021 478 3106 apud
508 3042 561 3085 eos
591 3022 762 3086 virtutem:
791 3022 896 3087 Solem
925 3021 1010 3086 enim
1044 3021 1159 3099 dicere,
1189 3028 1223 3086 et
1254 3020 1388 3100 Lunam,
1415 3027 1450 3085 et

296 3120 415 3197 stellas,
435 3127 469 3186 et
491 3126 646 3207 tempora,
672 3128 705 3187 et
731 3143 839 3197 annos,
864 3130 1018 3201 eleetos,
1043 3122 1147 3186 adhue
1173 3120 1270 3186 etiam
1287 3120 1397 3206 pisces,
1415 3126 1450 3184 et

295 3220 466 3305 serpentia,
493 3229 527 3286 et
551 3220 701 3297 volatilia,
726 3231 759 3286 et
782 3221 1009 3308 quadrupedia,
1037 3220 1120 3286 ieras
1143 3242 1277 3306 quoque,
1301 3227 1336 3285 et
1354 3241 1450 3305 super

295 3319 364 3385 haeo
381 3322 487 3386 omnia
500 3321 721 3385 duodecimum
734 3322 903 3386 hominem.
942 3321 995 3386 Sia
1013 3321 1055 3386 ab
1073 3321 1196 3407 Spiritu
1214 3319 1449 3385 triacontadem

296 3442 354 3505 per
374 3422 506 3507 Moysen
532 3420 652 3486 dietam
678 3422 804 3486 docent.
857 3420 925 3486 Neo
950 3443 1013 3485 non
1039 3428 1074 3487 et
1099 3422 1273 3485 formatum
1289 3419 1449 3484 hominem

295 3520 467 3585 seeundum
485 3520 654 3606 imaginem
671 3521 841 3606 superioris
858 3522 997 3596 virtutis,
1023 3521 1142 3586 hahere
1165 3520 1198 3584 in
1219 3542 1253 3584 se
1275 3542 1356 3594 eam,
1376 3541 1449 3604 quae

295 3618 339 3683 sit
355 3621 395 3684 ab
413 3642 476 3684 uno
493 3620 591 3696 sonte,
609 3619 770 3685 virtutem.
814 3621 1032 3687 constitutam
1049 3628 1158 3685 autem
1175 3642 1247 3685 eam
1264 3642 1332 3684 esse
1350 3618 1383 3683 in
1400 3640 1449 3694 eo,

340 3786 350 3819 ¹
368 3790 468 3848 πνεῦμα.
503 3788 556 3837 The
568 3788 645 3853 spirit
656 3792 681 3839 in
692 3792 742 3841 this
754 3796 847 3857 system
941 3791 1074 3841 'Blhtms
1088 3808 1206 3857 proposes
1221 3796 1249 3840 to
1263 3790 1323 3839 read
1335 3790 1376 3839 ἐπὶ
1387 3790 1449 3839 πᾶσι

295 3870 408 3934 oooupies
424 3871 467 3919 the
483 3870 550 3919 third
566 3872 635 3934 plane
652 3872 678 3920 in
694 3873 737 3921 the
758 3852 860 3922 seeond⁴
895 3876 995 3935 τοῦτοις,
1018 3872 1069 3921 and
1090 3874 1134 3922 the
1155 3873 1278 3936 neeessity
1299 3873 1322 3920 is
1344 3870 1450 3920 seli-evi·

295 3950 385 4011 tetrsd,
400 3951 449 3999 and
465 3956 542 4000 water
552 3952 595 3999 the
611 3952 666 4002 last.
700 3953 760 4001 This
775 3954 849 4018 again
895 3958 964 4006 dent.
1000 3956 1053 4004 The
1074 3956 1160 4005 verbal
1181 3954 1313 4019 similarity
1334 3958 1450 4017 suggest·

294 4048 345 4081 was
363 4034 472 4082 asserted
494 4034 528 4098 hy
551 4033 644 4095 δαῖον,
664 4036 746 4083 whose
768 4036 849 4084 words
896 4039 1005 4086 ἐπέκεινα
1019 4038 1117 4085 τουτῶν.
1141 4036 1194 4084 'l'he
1210 4052 1255 4100 eye
1270 4035 1299 4084 of
1308 4036 1352 4083 the
1367 4033 1450 4082 writer

294 4130 336 4163 are
347 4115 411 4163 cited
422 4115 456 4179 by
467 4114 645 4175 H1rronrrus,
659 4117 749 4178 ἐβδομη
761 4118 786 4165 δέ
798 4154 803 4165 .
819 4154 825 4166 .
840 4152 847 4167 .
895 4135 945 4167 wm
957 4118 1075 4167 confused
1087 4119 1121 4182 by
1131 4119 1175 4167 the
1186 4117 1319 4182 preceding
1330 4117 1436 4166 πετεινά.

295 4197 390 4255 δύναμις
412 4196 555 4257 ὑπάρχουσα
573 4198 598 4245 ἐν
613 4196 644 4258 τῇ
668 4198 794 4259 ἀπεράντῳ
811 4199 848 4246 δυ·
945 4197 1081 4258 ιδυνάμεις
1099 4200 1228 4260 τέσσαρας.
1263 4198 1331 4247 That
1345 4196 1450 4245 heretica

293 4277 369 4337 νάμει,
380 4278 431 4337 ητις
442 4279 529 4338 γέγονε
537 4276 583 4339 πρό
593 4278 689 4326 πάντων
695 4280 743 4327 τῶν
750 4280 847 4341 αἰώνιον,
895 4297 923 4330 so
939 4280 1042 4345 terribly
1054 4280 1161 4329 afflictsd
1177 4281 1239 4329 with
1255 4296 1288 4328 an
1306 4281 1453 4328 ἀτολέθωοιε

295 4358 357 4416 αὕτη
369 4358 421 4405 ἐστὶ
433 4358 449 4416 ἡ
460 4360 550 4420 ἐβδομη
562 4360 664 4419 δύναμιν,
679 4357 769 4421 replis
780 4361 850 4420 λέγει
895 4364 939 4411 τοῦ
960 4364 1070 4422 νοητικοῦ
1091 4362 1180 4411 should
1202 4362 1286 4410 canoel
1303 4376 1351 4410 one
1367 4361 1396 4409 of
1408 4361 1452 4409 the

294 4438 407 4499 Μωῢσῆκ,
437 4440 487 4487 Kol
510 4442 603 4499 πνεῦμα
629 4442 691 4489 Θεοῦ
717 4443 850 4505 ἐπεφέρετο
895 4460 978 4494 senses
997 4446 1019 4493 is
1040 4450 1086 4493 not
1102 4444 1247 4508 surprising.
1283 4444 1338 4492 'l'h0
1352 4442 1451 4492 Mareo-

295 4519 376 4567 ἐπάνω
387 4522 430 4568 τοῦ
441 4520 533 4570 ὕδατος.
568 4520 661 4571 ΡΙιιἹοι.
676 4534 713 4572 vr.
729 4538 766 4583 ιη.
896 4527 950 4575 sian
967 4526 1026 4591 only
1037 4526 1153 4575 followed
1166 4526 1211 4575 the
1221 4526 1277 4575 lead
1288 4526 1317 4574 of
1330 4524 1373 4573 the
1383 4538 1453 4573 more

343 4598 354 4630 ¹
372 4600 427 4665 παρ’
440 4601 511 4662 αὐτῷ,
533 4618 567 4651 sc.
585 4605 692 4654 Messes.
896 4608 996 4657 ancient
1017 4607 1117 4672 Ophias,
1138 4607 1194 4656 who
1214 4606 1292 4655 sailed
1314 4604 1387 4655 Edon
1409 4604 1453 4654 the
