3225 5184
632 432 906 487 nutriendum.
1259 418 1323 482 119

169 591 372 690 προσδοκίας
391 599 454 666 τοῦ
472 595 606 679 μέλλειν
623 595 723 678 αύτήν
743 595 974 694 προφητεύειν,
992 601 1050 676 τῆς
1067 590 1200 691 καρδίας
1218 594 1324 663 πλέον
1335 605 1485 692 {gap-'pff

169 712 232 778 τοῦ
263 703 395 784 δέοντος
424 709 626 793 παλλούσης,
650 708 844 800 ’ἀποτολμᾷ
870 715 987 778 λαλεῖν
1015 703 1098 813 [Iret.
1124 705 1177 777 rui
1203 698 1322 808 hallei]
1335 696 1486 782 ¹¹³⁸?AE

68 853 134 892 ors
170 817 299 917 ληρώδη
322 819 376 891 καὶ
398 818 444 892 τὰ
466 822 617 918 τυχόντα
642 818 754 892 πάντα
778 825 872 897 κενῶς
894 819 948 892 καὶ
966 823 1150 919 τολμηρῶς,
1170 818 1234 891 άτε
1259 814 1469 895 ύπδοηιιω

170 937 263 1002 κενοῦ
288 934 514 1032 τεθερμαμένη
539 935 731 1017 πνεύματος·
759 934 882 1026 (καθὼς
906 935 926 1004 ὁ
945 934 1125 1031 ’κρείσσων
1147 935 1234 1014 ἡμῶν
1257 903 1364 1029 έφηῦιλ

172 1044 248 1144 περὶ
266 1048 518 1131 τῶντοιούτων,
544 1047 598 1119 ὅτι
626 1043 799 1144 τολμηράν
816 1046 870 1117 καὶ
896 1043 1022 1124 ἀναιδὲς
1038 1045 1137 1142 ψυχὴ
1154 1047 1233 1133 κενῷ
1252 1042 1324 1141 ἆέρι

173 1160 437 1257 θερμαινομέυη,)
472 1159 526 1231 καὶ
565 1157 635 1230 άπὸ
669 1160 792 1231 τούτου
826 1157 949 1230 λοιπὸν
985 1155 1182 1258 προφύτιδα
1209 1156 1325 1239 ἔασι-ην

172 1268 434 1359 μεταλαμβάνει,
457 1273 509 1344 καὶ
528 1273 721 1368 εὐχαριστεῖ
740 1268 873 1371 Μάρκῳ
891 1275 942 1361 τῷ
965 1270 1143 1344 ἐπιδιδόντι
1166 1277 1223 1353 τῆς
1244 1267 1326 1345 ι’δίας

175 1380 317 1482 χάριτος
334 1386 427 1479 αὐτῇ·
456 1387 509 1457 καὶ
531 1385 730 1471 ἀμείβεσθαι
756 1383 856 1457 αύτάν
880 1387 1048 1482 πειρῶται,
1067 1386 1104 1456 ού
1120 1384 1221 1468 μάνου
1237 1379 1327 1454 κατὰ

176 1497 317 1578 τὴντῶν
335 1499 554 1597 ὑπαρχόντων
579 1496 681 1583 δόσιν,
702 1499 794 1592 (ὅθεν
816 1498 869 1568 καὶ
893 1495 1073 1596 χρημάτων
1091 1500 1218 1578 πλῆθος
1239 1493 1328 1564 πολὺ

176 1611 411 1705 συνενήνοχεν,)
431 1609 521 1682 άλλά
539 1610 593 1681 καὶ
613 1607 700 1682 κατὰ
719 1611 779 1693 τὴν
796 1615 859 1681 τοῦ
876 1611 1031 1692 σώματος
1049 1609 1223 1692 κοινωνίαν,
1239 1604 1328 1679 κατὰ

177 1719 289 1794 πάντα
315 1725 466 1796 ἑνοῦσθαι
495 1725 585 1814 αύτῷ
612 1724 871 1822 προθυμουμένη,
899 1723 951 1792 ἵνα
980 1723 1039 1794 σύν
1068 1724 1156 1812 αύτῷ
1181 1721 1328 1814 κατέλθῃ

176 1837 218 1912 eir
238 1834 281 1907 τδ
297 1837 339 1907 ἕν.

257 1969 289 2034 3.
335 1945 430 2029 Ἤδη
456 1945 490 2016 δὲ
510 1953 576 2020 τῶν
593 1948 766 2048 προτέρων
783 1943 967 2053 [Ιαίοιρκοα
986 1938 1227 2048 πιστοτάτων]
1244 1943 1329 2020 τινὲς

177 2066 333 2152 ’γυναικῶν
359 2065 424 2142 τῶν
453 2062 599 2156 ἐχουσῶν
627 2058 688 2133 τὸν
716 2062 832 2159 φόβον
857 2067 920 2133 τού
945 2060 1040 2142 θεοῦ,
1062 2058 1115 2130 καὶ
1139 2058 1184 2142 μὴ
1205 2054 1330 2151 ἐξαπα-

177 2178 345 2258 τηθεισῶν,
376 2173 415 2250 tr
443 2175 560 2257 ὁμοίως
592 2184 666 2252 ταῖς
704 2180 840 2251 λοιπαῖς
876 2171 1071 2255 ἐπετήδευσε
1104 2170 1330 2271 παραπεύθειν,

176 2288 311 2358 κελεύων
330 2287 442 2364 αύταῖς
461 2288 692 2386 προφητεύειν,
716 2286 770 2358 καὶ
793 2291 1090 2385 καταφυσῆσασαι,
1108 2283 1161 2355 καὶ
1190 2286 1331 2354 καταθε-

177 2481 300 2567 picione
317 2483 401 2567 quod
418 2481 548 2568 incipiat
564 2483 765 2568 prophetare,
790 2505 862 2548 cnm
879 2505 934 2546 cor
949 2481 1017 2567 ejus
1033 2481 1134 2545 multo
1150 2479 1220 2564 plus
1237 2501 1332 2564 qnam

178 2588 328 2666 oporteat
357 2582 503 2667 palpitet,
532 2583 640 2658 audet,
667 2589 700 2647 et
728 2581 870 2667 loquitur
895 2580 1052 2658 deliriosa,
1076 2587 1110 2645 et
1136 2600 1332 2665 quaecnnqne

179 2681 342 2746 evenerint
366 2682 481 2758 omnia,
511 2703 609 2748 vacue
634 2688 668 2747 et
695 2682 858 2756 audacter,
886 2681 1003 2766 qnippe
1028 2680 1182 2744 calefacta
1206 2677 1330 2762 spiritu,

181 2779 277 2862 (sicut
302 2781 413 2846 melior
437 2781 528 2847 nobis
553 2782 594 2846 de
617 2781 733 2848 talibus
750 2780 914 2867 prophetis
930 2779 1106 2865 exequitur,
1125 2778 1211 2862 quod
1227 2777 1333 2841 audax

180 2882 230 2946 et²
260 2880 472 2946 inverecunda
510 2889 561 2946 est
604 2881 710 2946 anima
743 2880 850 2966 quasi*
883 2901 982 2944 vacuo
1024 2886 1099 2942 aere
1137 2877 1333 2942 excalefacta

183 2977 280 3067 [est])
297 2988 332 3046 et
349 2980 464 3046 exinde
484 2981 713 3066 Prophetidem
731 2981 934 3067 semetipsam
950 2986 1057 3064 putat,
1075 2987 1109 3044 et
1128 2977 1250 3064 gratias
1264 2975 1334 3062 agit

183 3079 296 3144 Marco
314 3079 352 3157 ei,
371 3079 425 3165 qui
443 3079 646 3167 participavit
663 3079 692 3144 ei
709 3102 798 3144 snam
811 3079 969 3167 gratiam:
993 3087 1027 3142 et
1044 3099 1247 3142 remunerare
1262 3097 1335 3140 eum

181 3180 289 3265 gestit,
307 3201 371 3246 non
387 3180 488 3244 solnm
505 3181 676 3246 secundum
690 3181 878 3246 snbstantias
897 3199 961 3242 suae
980 3177 1151 3250 dationem,
1167 3176 1268 3256 (unde
1284 3178 1335 3239 'et

182 3279 363 3344 divitiarum
381 3280 503 3366 copiam
523 3302 672 3366 magnam
696 3279 840 3366 collegit)
868 3278 923 3344 sed
949 3283 983 3341 et
1006 3277 1177 3340 secundum
1195 3273 1336 3358 corporis

182 3378 424 3464 copulationem,
452 3388 486 3446 et
512 3379 685 3444 secundnm
710 3378 818 3444 omnia
846 3377 929 3442 uniri
959 3376 988 3440 ei
1015 3375 1113 3461 cupit,
1139 3383 1177 3439 ut
1200 3395 1273 3437 cum
1297 3395 1336 3438 oo

185 3478 359 3544 descendat
376 3480 408 3544 in
426 3502 533 3544 nnnnn

259 3583 290 3644 3.
328 3579 351 3643 J
354 3602 405 3644 am
418 3602 494 3645 vero
510 3580 654 3665 quaedam
666 3601 705 3642 ex
717 3577 906 3642 fidelissimis
923 3576 1115 3650 mulieribus,
1129 3596 1200 3660 quae
1216 3573 1337 3638 habent

183 3677 330 3742 timorem
350 3678 421 3754 Dei,
441 3687 474 3744 et
499 3701 561 3744 non
584 3686 660 3743 sunt
676 3677 872 3757 seducibiles,
891 3700 970 3762 quas
985 3675 1130 3742 similiter
1145 3685 1182 3739 nt
1200 3673 1337 3759 reliquas

183 3777 344 3844 affectavit
369 3780 531 3856 seducere,
544 3779 659 3865 jubens
676 3776 721 3842 cis
738 3779 941 3863 prophetare,
960 3776 1165 3842 exsufflantes
1183 3782 1216 3840 ct
1232 3776 1338 3838 ⁴cata·

184 3877 428 3944 thematizantes
452 3879 530 3966 [Aa.
555 3872 733 3965 anathem]
758 3900 840 3952 curn,
863 3884 1095 3964 separaverunt
1114 3897 1148 3939 se
1164 3875 1205 3938 ab
1230 3873 1337 3959 hujus·

234 4085 242 4116 ¹
268 4084 382 4150 Possibly
403 4087 520 4150 meaning
542 4086 621 4134 either
641 4084 680 4132 his
703 4083 737 4131 in·
788 4082 888 4145 lowing.

183 4172 292 4216 structor
313 4168 461 4229 rotrone,
480 4184 509 4217 or
525 4168 563 4216 his
583 4167 739 4232 prodecessor
837 4161 848 4194 ⁸
865 4163 895 4210 Et
911 4164 932 4210 is
946 4161 1055 4210 inserted
1069 4176 1102 4208 on
1115 4159 1159 4208 the
1173 4157 1301 4220 authority
1314 4156 1343 4204 of

184 4249 322 4299 Pormrus
331 4267 338 4310 ;
355 4267 395 4300 see
405 4257 465 4300 note
476 4267 499 4314 3,
511 4268 534 4316 p.
551 4265 572 4312 3.
787 4246 830 4294 the
842 4244 942 4294 Curru.
957 4243 1024 4304 Mu,
1037 4239 1172 4305 supported
1188 4255 1216 4288 as
1231 4239 1253 4286 it
1268 4239 1290 4287 is
1306 4239 1340 4301 by

233 4329 244 4361 ¹
261 4331 392 4381 Massunr
401 4331 473 4381 reads
480 4347 539 4395 ηυω,
552 4333 599 4382 but
605 4331 648 4380 the
659 4327 736 4379 Mes
787 4327 831 4375 the
851 4331 907 4375 text
922 4325 952 4374 of
965 4324 1140 4372 Erumnrns.

184 4414 249 4462 have
260 4413 339 4478 quoti,
353 4415 434 4464 which
449 4415 470 4464 is
486 4414 607 4463 therefore
618 4411 737 4462 retained.
837 4407 849 4438 ⁴
867 4405 1109 4464 camminata,
1118 4403 1139 4451 is
1149 4403 1193 4451 the
1203 4401 1306 4465 reading
1317 4401 1346 4450 of

185 4495 238 4544 The
253 4501 308 4544 text
321 4497 431 4560 requires
448 4494 651 4550 ιάνειωειιιιιύυιυ,Ι
667 4499 700 4541 cst
711 4495 739 4540 at
788 4491 832 4539 the
844 4490 944 4540 Curru.
956 4489 1006 4538 and
1018 4487 1098 4537 Voss.
1111 4485 1189 4534 MSS.
1201 4485 1252 4534 aud
1267 4485 1289 4534 is
1305 4500 1341 4533 re-

187 4576 229 4624 the
246 4575 312 4636 close
328 4577 358 4624 of
371 4577 414 4624 tho
425 4574 578 4639 parenthesis
588 4588 647 4636 may
659 4572 689 4620 bc
700 4586 740 4620 sa·
789 4571 872 4620 stored
888 4572 922 4635 by
939 4571 1077 4620 Missum.
1113 4569 1235 4631 Compare
1251 4578 1300 4616 xu.
1318 4581 1342 4628 α,

189 4658 296 4721 pnnged,
314 4675 341 4707 as
358 4659 452 4722 having
469 4656 548 4706 arinen
561 4661 605 4704 ont
621 4655 648 4704 of
662 4659 683 4702 et
696 4652 739 4701 lol-
790 4653 871 4701 where
882 4653 924 4702 the
935 4669 1002 4700 same
1013 4649 1080 4699 word
1091 4665 1182 4698 recuro.
