3225 5184
503 806 908 901 PROLOGUS

204 1026 391 1105 scona
435 1027 705 1105 nnnconr
749 1029 1205 1107 Lucusannsrs

680 1246 722 1295 IN

265 1426 417 1485 LIBROS
439 1426 466 1483 S.
491 1426 660 1484 IRENAEI
683 1427 858 1487 CONTRA
880 1429 1142 1490 HAERETIOOS.

568 1672 834 1683 -n-——nn—-u

189 1872 217 1938 I.
252 1872 482 1950 ¹Hrsnnnus,
498 1874 661 1959 episcopus
676 1872 813 1937 civitatis
829 1872 1058 1960 Lugdunensis,
1074 1872 1276 1935 instructusa

123 1976 295 2062 Polycarpo
321 1974 471 2062 discipulo
506 1975 663 2041 Johannis
696 1975 839 2061 apostoli,
864 1974 990 2061 scripsit
1014 1975 1150 2060 quinque
1179 1973 1277 2038 libros

121 2078 245 2141 cuidam
268 2078 423 2164 episeopo,
448 2085 577 2165 rogatus
599 2080 639 2141 ab
663 2100 710 2155 eo,
742 2078 856 2142 Uentre
879 2078 1034 2141 haereticos
1058 2077 1147 2142 valde
1170 2096 1276 2140 neces-

121 2180 237 2255 sarios;
272 2182 305 2245 in
331 2183 453 2266 quibus,
477 2191 513 2245 ut
531 2182 656 2268 sapiens
682 2180 875 2247 architectus
899 2191 932 2246 et
956 2181 1102 2266 providus
1125 2179 1275 2256 medicus,

120 2284 256 2368 perfecte
270 2306 329 2349 nos
343 2285 469 2349 instruit
484 2285 523 2367 de
540 2284 710 2349 haeresibus
733 2294 766 2349 et
785 2284 1016 2359 haeresiarchis3
1041 2283 1175 2369 primum
1190 2282 1275 2346 dete-

120 2409 199 2473 gens
213 2409 320 2452 eorum
334 2410 429 2475 prava
450 2388 598 2475 dogmata
616 2396 648 2453 et
667 2410 812 2473 perversa
834 2409 993 2471 operans
1013 2387 1082 2473 quis
1103 2386 1222 2451 incidat
1242 2386 1275 2450 in

121 2488 255 2575 idipsum
284 2491 477 2555 credulitatis
507 2490 694 2575 exemplum.
758 2490 852 2567 Nam,
878 2490 961 2555 sicut
990 2489 1130 2553 medicus
1155 2509 1275 2575 aegrum

119 2614 227 2659 curare
247 2616 310 2659 non
328 2602 442 2680 potest,
458 2594 518 2659 nisi
540 2616 668 2659 causam
687 2594 786 2659 morbi
808 2594 894 2680 prius
908 2600 1071 2680 agnoscat,
1086 2591 1132 2656 sic
1146 2612 1275 2656 necesse

118 2696 179 2761 fuit
201 2720 273 2761 eum
295 2697 458 2762 haereticas
480 2706 594 2781 pestes,
616 2720 689 2763 cum
710 2697 775 2762 suis
797 2697 911 2774 causis,
934 2697 1020 2781 prius
1041 2701 1274 2781 agnoscerent

117 2799 317 2884 postmodum
331 2800 521 2884 competenti
534 2800 689 2866 medicina
702 2809 811 2886 posset
824 2800 871 2865 eis
884 2799 1041 2865 efficacius
1056 2798 1222 2863 contraire.

179 3004 226 3070 II.
271 3004 309 3068 ln
325 3005 432 3089 primis
447 3026 531 3092 ergo,
548 3005 633 3091 ipsas
647 3006 783 3071 haereses
803 3005 950 3090 explicat,
965 3004 1095 3092 singulis
1108 3005 1273 3094 assignans

117 3138 190 3181 suas
216 3116 381 3202 originales
407 3136 528 3192 causas,
551 3114 670 3180 seilicet
695 3136 715 3179 a
741 3114 855 3199 quibus
883 3125 1071 3201 acceperunt
1107 3118 1271 3181 materiam

116 3218 298 3285 exsistendi.
330 3218 417 3283 Inter
432 3218 515 3304 quod
529 3218 696 3304 agendum,
711 3217 799 3303 ponit
814 3226 848 3281 et
862 3217 971 3303 ignota
985 3217 1112 3281 nomina
1126 3219 1270 3284 fictarum

116 3344 229 3400 rerum,
246 3344 323 3409 quas
339 3322 397 3408 ipsi
412 3322 557 3386 Virtutes
571 3320 780 3407 appellabant,
793 3327 826 3385 et
841 3320 929 3405 quasi
944 3319 1020 3384 deos
1033 3322 1170 3386 venerati
1185 3316 1270 3388 s'unt.

117 3424 168 3490 De
193 3447 322 3510 quorum
346 3425 465 3490 scilicet
491 3424 652 3489 nominum
675 3422 875 3487 multitudine
901 3422 1023 3486 illatum
1049 3432 1094 3500 tu,
1120 3444 1139 3486 o
1161 3422 1269 3501 lector,

116 3528 245 3593 taedium
268 3528 423 3613 patienter
448 3529 578 3606 sustine,
602 3528 729 3593 tandem
754 3525 1038 3612 philosophicarum
1064 3526 1222 3590 rationum
1237 3537 1271 3593 et

116 3629 288 3694 divinarum
303 3630 521 3696 auctoritatem
533 3630 660 3717 copiosa
674 3628 838 3694 dulcedine
854 3627 1128 3713 compensandum.
1153 3630 1270 3694 Postea

116 3731 201 3817 ipsos
223 3734 445 3799 haeresiarchas
470 3733 655 3798 nominatim
681 3739 844 3809 memorat,
872 3739 905 3795 et
933 3730 1008 3817 quid
1034 3731 1083 3795 vel
1106 3740 1268 3816 quantum,

116 3836 357 3924 uniuscujusque
367 3837 509 3922 discipuli
523 3858 651 3902 suorum
666 3835 887 3923 magistrorum
901 3834 1171 3900 adinventionibus
1181 3835 1269 3899 addi-

116 3939 227 4017 derint,
242 3949 467 4026 cousequenter
481 3940 633 4005 annectit.
678 3937 771 4015 Dein,
783 3938 924 4025 singulas
938 3937 1073 4002 haereses
1087 3937 1268 4023 singillatim

114 4042 310 4129 aggrediens,
327 4051 368 4121 et,
384 4043 595 4130 probatissimi
614 4064 699 4106 more
719 4040 905 4127 philosophi,
920 4040 1089 4126 assumptis
1103 4040 1142 4104 de
1164 4062 1267 4104 rerum

114 4144 235 4210 naturis
255 4145 471 4229 peremptoriis
488 4145 671 4223 rationibus,
686 4166 793 4209 verum
807 4165 827 4207 a
842 4142 921 4207 falso
941 4142 1099 4207 discernit.
1146 4143 1267 4207 Sancti-

114 4246 190 4310 tatis
214 4246 375 4323 amictum,
401 4248 544 4332 pravitati
576 4246 810 4331 superductum,
835 4246 985 4311 violenter
1009 4246 1180 4322 abstrahit3
1213 4247 1268 4312 ubi

114 4346 147 4411 in
171 4348 261 4414 melle
281 4370 445 4426 venenum,
468 4350 522 4413 ubi
544 4350 576 4413 in
596 4350 747 4414 columbae
764 4350 868 4436 specie
885 4349 992 4436 vulpes
1013 4348 1120 4427 lateat,
1145 4350 1267 4414 curiosa

163 4508 242 4559 ¹The
270 4510 355 4560 readsr
376 4509 426 4558 will
448 4509 549 4558 observa
571 4512 664 4559 several
715 4512 796 4560 which
812 4512 931 4575 isavery
942 4510 1266 4573 carelesstranscriptfrom

114 4592 197 4653 points
209 4592 238 4640 cf
245 4593 367 4641 variation
380 4592 444 4641 from
457 4590 594 4640 Snmnsn's
603 4596 663 4653 text,
715 4593 758 4641 the
770 4591 884 4641 Arundel
895 4591 952 4640 MS.

218 4698 290 4742 vot.
312 4700 331 4743 l.
1134 4698 1166 4739 m
