3225 5184
451 391 629 447 nmnnsn
655 392 941 451 cannamsncs.
1205 371 1272 443 237

117 548 304 615 niam'enm
330 564 397 614 non
420 552 578 631 colebant,
606 575 709 640 neque
734 552 999 628 honorificabant,
1031 549 1120 636 quasi
1138 550 1271 615 Patrem
1307 562 1402 648 ¹253

120 656 152 713 et
189 648 294 715 Deum
319 650 468 717 diluvium
503 653 549 718 eis
579 652 752 732 immisisse,
781 659 818 718 ut
848 674 957 717 omues
986 650 1079 715 simul
1111 650 1271 736 perderet·
1284 637 1437 743 ‘'huj-835¹?-

121 847 191 913 Noe
216 858 310 916 erant
327 850 359 915 in
377 873 462 929 arca,
483 865 615 939 propter
637 853 908 919 humectationem
933 851 1015 917 illius
1034 851 1161 915 luminis
1187 850 1273 937 quod

119 950 160 1015 ab
178 958 312 1023 ecerat,
331 973 390 1036 per
406 974 501 1036 quam
519 952 635 1017 iterum
651 953 861 1039 adimpletum
877 974 944 1016 esse
960 950 1114 1016 mundum
1139 950 1273 1015 homini·

119 1048 195 1114 bus:
213 1072 253 1115 ex
271 1051 384 1135 quibus
401 1054 559 1137 quendam
575 1051 741 1118 Abraham
759 1052 890 1138 elegisse
907 1059 941 1116 et
954 1051 1055 1137 ipsum
1069 1050 1271 1131 Ialdabaoth,

118 1157 152 1214 et
170 1157 399 1217 testamentum
418 1152 558 1238 posuisse
579 1152 620 1216 ad
646 1151 773 1226 cumei
797 1149 1046 1237 perseveraverit
1070 1172 1178 1215 semen
1203 1152 1272 1236 ejus

118 1249 257 1315 serviens
286 1251 325 1325 ei,
353 1251 430 1315 dare
456 1252 486 1316 ei
516 1250 739 1317 haereditatem
768 1260 876 1317 terrae.
930 1250 1010 1315 Post
1042 1272 1100 1335 per
1136 1250 1272 1335 Moysen

117 1348 265 1415 eduxisse
292 1373 333 1415 ex
360 1352 506 1437 AEgypto
529 1374 583 1417 eos
609 1351 663 1438 qui
691 1354 733 1418 ab
762 1351 923 1418 Abraham
946 1359 1062 1425 essent,
1087 1357 1121 1415 et
1148 1350 1271 1415 dedisse

119 1449 164 1513 eis
188 1449 301 1537 legem,
327 1458 361 1517 et
387 1450 497 1516 iecisse
522 1473 577 1516 eos
602 1452 626 1516 J
629 1452 746 1527 udaeos,
771 1451 827 1516 ¹ex
855 1451 969 1536 quibus
992 1449 1123 1536 elegisse
1147 1456 1271 1535 septem

117 1548 196 1624 dies,
222 1572 301 1636 quos
326 1558 359 1617 et
385 1560 528 1617 muctam
550 1551 784 1617 hebdomadam
809 1556 934 1616 vocant.
987 1548 1033 1615 Et
1058 1548 1272 1635 unusquisque

117 1670 228 1714 eorum
262 1673 354 1716 suum
387 1672 566 1738 praeconem
605 1652 737 1717 assumit
770 1652 811 1716 ad
845 1649 1056 1737 gloriandum,
1091 1657 1125 1713 et
1165 1648 1272 1713 Deum

119 1750 385 1827 annunciandum,
404 1752 452 1816 uti
475 1758 508 1816 et
532 1750 645 1837 reliqui
662 1751 829 1817 audientes
844 1749 970 1837 glorias,
986 1747 1143 1814 servirent
1160 1755 1194 1813 et
1211 1747 1272 1834 ipsi

116 1848 167 1913 his
193 1851 247 1936 qui
275 1874 295 1915 a
322 1851 487 1938 prophetis
513 1851 749 1917 annunciantur
775 1851 829 1915 dii.
882 1849 935 1914 Sic
963 1858 1072 1914 autem
1099 1848 1272 1934 prophetas

118 1950 335 2017 distribuunt:
358 1951 452 2038 hujus
473 1951 601 2038 quidem
617 1948 811 2017 laldabaoth
830 1949 966 2037 Moysen
983 1948 1088 2024 luisse,
1107 1957 1141 2013 et
1157 1946 1182 2011 J
1184 1969 1272 2013 esum

118 2048 218 2127 Nave,
231 2060 265 2116 et
279 2053 390 2128 Amos,
406 2060 441 2119 et
458 2053 599 2116 Abacuc:
617 2051 699 2116 illius
715 2059 824 2116 autem
840 2048 911 2131 Iao,
930 2048 1067 2122 Samuel,
1081 2054 1115 2113 et
1129 2047 1270 2121 Nathan,

117 2158 151 2217 et
168 2149 192 2213 J
194 2172 297 2227 onam,
316 2158 349 2219 et
369 2152 560 2217 Michaeam:
581 2150 663 2217 illins
679 2158 786 2217 autem
805 2149 958 2225 Sabaoth,
976 2148 1114 2221 Heliam,
1133 2153 1167 2213 et
1184 2148 1208 2212 J
1210 2146 1270 2220 oel,

115 2262 150 2315 et
179 2252 387 2319 Zachariam:
416 2252 499 2317 illius
526 2259 634 2318 autem
661 2252 801 2325 Adonai,
831 2249 970 2322 Esaiam,
996 2255 1030 2315 et
1056 2247 1211 2324 Ezechiel,
1237 2254 1271 2313 et

116 2350 140 2415 J
143 2352 303 2427 eremiam
328 2359 361 2419 et
380 2351 516 2418 Daniel:
541 2353 623 2418 illius
643 2360 753 2418 autem
776 2350 858 2424 Elei,
877 2349 1021 2423 lichiam,
1037 2354 1073 2414 et
1095 2348 1268 2434 aggaeum:

116 2450 199 2516 illius
215 2462 324 2518 autem
340 2452 426 2526 orei,
446 2453 627 2529 Michaeam,
640 2459 674 2517 et
693 2452 845 2517 Nahum:
862 2450 946 2515 illius
962 2457 1073 2514 autem
1090 2447 1271 2525 'Aetanfei

118 2550 289 2623 Hesdram,
307 2560 341 2618 et
359 2552 562 2637 Sophoniam.

189 2652 219 2716 6.
272 2652 398 2717 Horum
415 2651 514 2739 igitur
531 2648 761 2736 ⁸unusquisque
780 2648 961 2735 glorificans
979 2669 1071 2711 suum
1094 2654 1220 2732 patrem
1237 2655 1270 2713 et

117 2751 234 2827 Deum,
254 2749 407 2839 Sophiam
424 2757 458 2816 et
475 2750 577 2835 ipsam
593 2772 651 2836 per
668 2771 722 2815 eos
736 2748 840 2814 multa
855 2748 996 2813 locutam
1013 2769 1081 2812 esse
1101 2747 1142 2812 de
1160 2745 1271 2813 Primo

163 2958 174 2993 ¹
190 2959 270 3009 There
287 2959 308 3008 is
325 2975 394 3009 some
415 2957 537 3022 difficiilty
554 2958 582 3007 in
598 2956 669 3007 these
715 2955 851 3020 suggested
866 2955 901 3019 by
922 2970 991 3003 some
1013 2952 1075 3002 such
1085 2951 1168 3001 words
1182 2968 1210 3000 aa
1222 2951 1269 3000 iol·

114 3040 264 3102 words,sud
274 3038 669 3105 Gaanu‚contrarytchismual
715 3036 771 3087 low.
809 3037 854 3097 ’uf
871 3034 903 3085 uir
922 3035 1023 3099 (χρυσῶν
1043 3034 1105 3098 scd.)
1125 3035 1270 3093 ἐκλέξασθαι

114 3126 219 3182 οιιιιοιιι,
233 3123 324 3172 waives
335 3122 363 3173 it.
393 3120 530 3181 Mesenae,
545 3119 666 3169 consider·
716 3119 760 3167 τις
774 3119 839 3167 dard
852 3117 949 3180 ἡμέρας,
967 3118 996 3167 ds
1007 3117 1048 3164 :al
1063 3118 1108 3175 τὴν
1124 3116 1198 3177 ἅγιον
1210 3116 1268 3177 ‘aa-

114 3204 159 3267 ing
180 3202 238 3252 that
255 3202 355 3253 Jadoeo:
372 3201 393 3249 is
410 3200 454 3249 the
471 3199 619 3249 antecedent
639 3203 667 3246 to
716 3201 808 3259 δομθδιι
825 3200 935 3248 καλοῦσι.
970 3198 1179 3247 nutrcem:
1192 3198 1271 3245 αὐτῶν

113 3285 195 3334 which
212 3278 240 3333 cd
255 3284 340 3347 quisbue
356 3284 439 3344 rafam
453 3287 519 3331 caste
535 3282 613 3331 about
628 3281 667 3329 ior
715 3282 757 3329 τὸν
779 3282 870 3343 κήρυκα
892 3281 966 3328 αὑτοῦ
988 3279 1171 3342 προσλαμβάνει
1187 3280 1222 3328 el:
1240 3278 1270 3328 σθ

113 3384 182 3417 soma
197 3367 280 3417 Greek
298 3366 441 3430 equivalent
457 3365 496 3414 ior
512 3365 564 3415 die:
579 3364 666 3431 apply·
716 3364 856 3423 δοξάζεσθαι
871 3362 912 3412 καὶ
929 3362 1133 3423 ἀπαγγέλλεσθαι
1144 3361 1186 3409 τὸν
1200 3361 1267 3420 θεὸν,

112 3451 276 3515 ingtothese
289 3450 420 3515 planetary
431 3448 520 3508 AEons,
536 3449 593 3497 that
607 3464 665 3513 may
715 3443 753 3491 tua
776 3443 816 3491 κιιι
838 3444 915 3504 ἕτεροι
936 3443 984 3491 τῶν
1006 3442 1109 3491 ἔπαινον
1136 3442 1269 3503 diadema,

112 3533 188 3581 assist
201 3536 229 3580 to
244 3530 309 3580 clear
320 3531 363 3579 the
374 3546 452 3580 sense.
487 3530 530 3579 He
541 3529 666 3579 considers
715 3527 783 3575 αὐτοι
800 3527 947 3575 coerceam
963 3528 1014 3575 roi:
1030 3527 1069 3575 διὰ
1081 3527 1129 3575 τῶν
1140 3528 1271 3589 προφητῶν

112 3615 170 3664 that
185 3615 250 3677 φθεα
266 3614 288 3663 is
303 3614 364 3663 such
377 3630 393 3663 a
404 3613 481 3673 word,
495 3614 538 3662 the
549 3613 666 3677 meaning
715 3608 910 3669 θπηγγελμένοιι
922 3608 991 3657 decis.
1010 3606 1080 3656 Euch
1089 3607 1177 3656 deified
1188 3607 1237 3672 day
1243 3608 1274 3656 ci

111 3697 195 3760 being,
213 3698 270 3745 that
286 3696 436 3745 Ialdabacth
453 3696 525 3745 made
539 3696 583 3744 the
595 3694 666 3743 Jews
714 3689 757 3738 the
768 3690 838 3738 weelr
851 3688 902 3737 had
913 3689 951 3737 his
967 3687 1126 3753 minister-ing
1140 3689 1267 3753 prophete.

109 3776 150 3827 his
166 3778 276 3841 peculisi
291 3776 386 3842 people‚
399 3776 449 3825 and
464 3778 521 3826 that
534 3777 577 3826 the
590 3791 665 3825 seven
714 3771 752 3821 (li.
776 3772 821 3821 the
847 3770 940 3835 aequal,
965 3771 1064 3820 Hos-:sm
1088 3770 1168 3832 igitur
1194 3786 1269 3819 unua·

110 3859 192 3908 AEons
208 3860 282 3909 chose
298 3858 358 3909 each
375 3874 391 3907 ι
408 3858 515 3923 prophet
532 3862 559 3907 to
574 3856 665 3921 glorify
713 3852 812 3917 quisquae
820 3852 1039 3914 glorificaturum
1046 3853 1147 3901 Patrem
1153 3851 1267 3903 dDeum.

110 3941 217 3991 himself.
252 3941 304 3990 But
317 3942 339 3990 it
354 3940 376 3989 is
392 3940 498 3989 difficolt
513 3944 540 3988 to
558 3940 665 4001 imagine
762 3932 955 3983 wascum.
968 3932 1027 3983 MS.
1041 3934 1086 3982 has
1097 3934 1194 3994 Astoafi
1207 3933 1255 3984 dei,

110 4024 168 4073 that
190 4024 233 4072 the
255 4022 390 4071 translator
413 4021 508 4085 having
531 4021 574 4070 the
596 4020 664 4069 word
762 4013 774 4046 ⁸
792 4014 956 4077 Unusquisque
964 4014 1118 4076 clonfieow
1133 4015 1272 4063 theoseos

111 4105 185 4165 φάει,
206 4119 234 4151 cr
253 4119 302 4168 any
320 4104 391 4153 other
413 4103 474 4152 such
492 4102 560 4151 word
581 4103 607 4150 in
625 4103 664 4151 his
713 4097 756 4145 the
783 4095 913 4161 participle
933 4095 1042 4143 without
1067 4112 1083 4143 a
1103 4095 1173 4143 finite
1198 4096 1269 4155 verb,

109 4191 173 4247 text,
193 4185 282 4235 should
298 4186 362 4235 have
378 4183 498 4235 rendered
513 4185 535 4234 it
554 4186 587 4248 by
603 4183 662 4245 dia,
713 4176 811 4242 though
821 4192 876 4225 rare
891 4177 917 4225 in
932 4176 1044 4226 clussical
1058 4177 1161 4237 wdtem,
1181 4176 1204 4225 is
1223 4182 1269 4226 not

108 4268 215 4332 thereby
237 4267 407 4330 coniounding
432 4282 448 4315 a
469 4282 530 4331 very
551 4265 665 4331 palpabis
713 4258 804 4323 wholly
816 4258 952 4317 unknown,
966 4273 1015 4319 ey·
1028 4260 1084 4306 οθτε
1096 4259 1145 4320 γθρ
1157 4258 1268 4319 ὑπονη-

108 4351 162 4399 and
173 4365 232 4414 easy
242 4350 368 4412 meaning.
398 4347 451 4397 The
461 4348 517 4397 best
527 4362 590 4411 way,
600 4346 666 4395 how·
713 4342 798 4404 ’γύρεσι
822 4340 875 4390 τοῖς
902 4339 991 4388 κοιναῖς
1017 4340 1120 4388 διδόντες
1146 4339 1209 4401 γέρα
1235 4341 1269 4388 σθ

108 4437 215 4493 evento
231 4431 290 4481 look
307 4436 334 4481 at
353 4430 386 4479 all
403 4430 473 4479 these
489 4428 665 4479 difficultiesis
712 4424 860 4484 voertam,
890 4425 947 4472 οὔτε
972 4423 1091 4485 Κορινθίῳ
1118 4422 1184 4483 trapa
1211 4439 1268 4485 xpc

108 4516 220 4579 through
232 4515 275 4564 the
285 4514 395 4563 medium
409 4512 438 4561 of
451 4512 494 4561 the
508 4510 605 4569 Greek;
622 4509 665 4559 tha
714 4506 889 4567 καταρχόμενοι
904 4506 953 4554 τῶν
969 4505 1044 4566 ιερῶν.
1061 4502 1212 4553 Taberna
1228 4516 1266 4565 ²⁵·

109 4592 189 4642 Latin
204 4590 353 4657 translation
366 4590 457 4640 wesin
470 4588 503 4639 all
514 4586 666 4653 probability
714 4586 747 4637 In
768 4587 830 4637 such
846 4602 915 4636 ceses
932 4587 975 4635 the
990 4586 1060 4636 linita
1076 4586 1137 4635 verb
1153 4590 1221 4635 must
1237 4586 1268 4637 bs
