3225 5184
509 391 586 444 ΠΕΟ
613 391 885 444 RESERVANDA.
1205 377 1271 440 355

117 539 203 623 quod
228 539 372 624 loquitur,
396 539 455 604 hoc
484 547 517 604 et
542 540 671 627 cogitat.
717 539 875 627 Cogitatio
898 540 981 606 enim
1006 543 1075 627 ejus
1099 540 1214 627 Logos,
1240 547 1273 605 et
1292 559 1431 600 mariun

118 641 227 728 Logos
243 642 348 718 Mens,
363 649 397 706 et
410 642 515 708 omnia
529 643 715 708 concludens
731 643 838 721 Meus,
853 641 920 728 ipse
938 650 988 708 est
1004 644 1110 709 Pater.
1285 609 1438 738 ⁰fflffp¹pb

12 821 18 834 .
183 747 215 810 3.
260 744 321 826 Qui
351 765 426 831 ergo
455 744 531 810 dicit
559 753 696 810 mentem
727 745 799 824 Dei,
829 752 863 810 et
886 745 1091 830 prolationem
1117 745 1273 832 propriam
1286 745 1435 829 Qa-

12 899 19 938 Ε
116 847 215 912 menti
231 848 337 925 donat,
352 848 556 934 compositum
569 871 640 914 eum
655 849 847 934 pronuntiat,
864 858 1013 934 tanquam
1027 849 1112 914 aliud
1126 850 1274 934 quiddam

115 949 160 1013 eit
175 949 273 1028 Deus,
288 949 372 1015 aliud
386 960 491 1017 autem
506 951 683 1037 principalis
699 953 795 1017 Mens
809 951 973 1018 exsistens.
1004 952 1154 1018 Similiter
1168 961 1274 1017 autem

115 1073 224 1116 rursus
239 1061 270 1116 et
286 1052 325 1118 de
342 1053 439 1140 Logo,
456 1053 581 1118 tertiam
597 1052 818 1138 ¹prolationem
833 1053 896 1118 eia
913 1053 1009 1120 Patre
1027 1053 1168 1119 donans:
1191 1053 1274 1117 unde

116 1161 151 1217 et
175 1154 298 1241 ignorat
322 1156 568 1241 magnitudinem
597 1156 686 1241 ejus;
717 1177 809 1242 porro
835 1164 868 1220 et
893 1155 985 1242 longe
1015 1157 1126 1242 Logon
1153 1177 1175 1220 a
1204 1154 1274 1219 Deo

12 1323 15 1358 ἰ
116 1257 283 1342 separavit.
336 1260 377 1324 Et
399 1259 551 1346 propheta
574 1259 699 1343 quidem
723 1259 770 1324 ait
798 1260 838 1324 de
861 1281 917 1325 eo:
952 1261 1184 1325 Gmerctionem
1210 1260 1274 1342 ejas
1287 1276 1339 1316 Eni-
1348 1277 1385 1316 ¹1¹¹-
1393 1280 1412 1318 υ.

12 1427 14 1454 Ι
117 1360 188 1444 qaia
203 1360 386 1426 narrabit?
411 1361 480 1426 Vos
493 1369 598 1426 autern
607 1362 840 1450 generationem
854 1363 922 1447 ejus
932 1385 973 1426 ex
983 1363 1079 1427 Patre
1090 1362 1273 1438 divinantes,

12 1455 14 1552 ,
117 1469 151 1525 et
165 1461 249 1526 verbi
263 1462 424 1528 hominum
438 1485 494 1549 per
507 1463 644 1551 lingnam
659 1464 774 1529 factam
788 1464 992 1550 prolationem
1007 1465 1228 1529 transferentes
1242 1464 1275 1526 in

119 1563 261 1630 Verbum
284 1565 355 1645 Dei,
367 1568 454 1653 juste
476 1567 656 1656 detegimini
671 1590 691 1632 a
705 1567 792 1633 vobis
812 1569 897 1654 ipsis,
913 1569 995 1653 quod
1010 1589 1110 1652 neque
1126 1567 1272 1646 humana,

12 1660 43 1774 ,h
62 1695 102 1733 in.
117 1691 175 1735 nec
202 1670 305 1735 divina
334 1671 491 1738 noveritis.
553 1671 811 1736 irrationabiliter
839 1680 945 1736 autem
974 1671 1083 1748 inflati,
1114 1669 1274 1734 audaciter

12 1841 14 1856 Ι
117 1772 333 1840 inenarrabilia
363 1774 424 1839 Dei
454 1775 602 1862 mysteria
627 1775 707 1840 scire
732 1797 787 1840 vos
814 1775 937 1849 dicitis;
966 1774 1214 1861 quandoquidem
1240 1783 1273 1839 et

12 1945 14 1954 ,
118 1877 283 1958 Dominus,
298 1879 364 1965 ipse
382 1878 482 1943 Filius
497 1879 569 1956 Dei,
584 1878 686 1964 ipsum
701 1878 811 1962 judicii
832 1877 915 1942 diem
934 1885 967 1943 et
986 1877 1095 1942 horam
1118 1877 1273 1942 concessit

12 2051 13 2072 ,
117 1981 196 2046 scire
210 1983 311 2048 solum
328 1983 466 2061 Patrem,
481 1982 643 2048 manifeste
658 1981 785 2046 dicens:
807 1982 874 2046 ²De
887 1981 939 2046 dia
953 1991 1054 2047 actem
1069 1980 1140 2058 illa,
1154 1990 1183 2046 et
1195 1979 1272 2044 hora
1286 1991 1435 2032 “metm

117 2105 201 2150 neno
215 2086 279 2164 retr,
296 2106 389 2171 noque
402 2085 518 2164 Filius,
537 2086 600 2150 nisi
618 2086 720 2150 Potor
737 2083 827 2152 solers.
872 2083 907 2150 Si
923 2084 1019 2171 igitur
1034 2083 1198 2149 scientiam
1211 2083 1272 2148 diei

117 2186 200 2252 illius
216 2187 316 2254 Filius
330 2209 393 2253 non
407 2188 531 2254 erubuit
551 2187 664 2264 resena
682 2186 723 2252 ad
739 2187 879 2265 Patrem,
893 2187 950 2253 sed
969 2186 1050 2254 dixit
1070 2185 1154 2273 quod
1167 2207 1273 2252 verum

117 2301 300 2381 estusque
322 2316 380 2360 nos
403 2297 631 2372 erubescamus,
652 2314 722 2378 quae
747 2300 823 2358 sunt
847 2292 882 2356 in
902 2290 1126 2378 quaestionibus
1154 2291 1273 2377 majora

116 2397 287 2462 secundum
302 2419 369 2474 nos,
385 2419 542 2464 reservare
558 2398 637 2463 Deo.
684 2395 787 2462 Nemo
802 2396 886 2460 enim
899 2416 995 2479 super
1008 2395 1195 2480 magistrum
1210 2403 1272 2460 est.

179 2503 209 2564 4.
256 2499 290 2564 Si
305 2499 375 2584 quis
389 2498 494 2583 itaque
502 2499 592 2564 nobis
606 2498 737 2563 dixerit:
756 2497 919 2579 Quomodo
933 2518 1008 2582 ergo
1019 2495 1120 2562 Filius
1134 2496 1273 2580 prolatus

117 2625 137 2668 a
152 2603 249 2668 Patre
263 2603 332 2668 est?
346 2601 479 2666 dicimus
492 2600 531 2678 ei,
541 2599 614 2684 quia
628 2600 831 2686 prolationem
841 2599 945 2676 istam,
957 2599 1022 2663 aive
1030 2596 1273 2685 generationem,

118 2705 199 2770 ³aive
214 2704 486 2790 nuncupationem,
501 2702 566 2768 sire
581 2701 824 2788 adapertionem,
839 2708 896 2767 aut
910 2700 1049 2785 quolibet
1063 2699 1133 2788 quis
1147 2699 1273 2768 nomine

118 2808 271 2873 vocaverit
280 2807 512 2896 generationem
520 2805 588 2891 ejus
597 2803 833 2872 inenarrabilem
844 2803 1058 2881 emistentem,
1064 2824 1157 2868 nemo
1168 2803 1270 2879 novit;

118 2924 189 2974 non'
200 2908 397 2988 Valentinus,
412 2929 475 2972 non
493 2907 647 2984 Marcion,
663 2927 763 2992 neque
779 2906 977 2984 Saturninus,
992 2926 1093 2989 neque
1108 2904 1271 2985 Basilides,

119 3035 218 3098 neque
228 3012 341 3100 angeli,
352 3032 452 3098 neque
466 3010 655 3098 archangeli,
667 3031 768 3097 neque
784 3014 796 3052 ⁴
801 3009 1004 3097 principatus,
1019 3029 1121 3093 neque
1134 3016 1272 3094 potesta·

117 3127 176 3194 tes,
191 3115 250 3180 nisi
265 3113 350 3180 solus
360 3115 413 3199 qui
428 3114 588 3201 generavit
600 3114 707 3191 Pater,
717 3121 750 3178 et
765 3114 817 3199 qui
832 3123 926 3178 natus
940 3121 990 3178 est
1004 3111 1115 3178 Filius.
1142 3111 1271 3178 Inenar·

116 3219 223 3284 rabilis
242 3218 349 3304 itaque
364 3215 524 3304 generatio
543 3217 611 3302 ejus
633 3238 705 3282 cum
722 3216 775 3294 sit,
791 3216 965 3301 quicunque
984 3215 1127 3280 nituntur
1142 3235 1271 3301 genera-

117 3321 217 3386 tiones
238 3328 272 3386 et
292 3319 480 3406 prolationes
507 3339 661 3394 enarrare,
683 3339 747 3384 nou
769 3327 844 3384 sunt
869 3324 1030 3404 compotes
1053 3316 1112 3395 sui,
1139 3339 1178 3381 ea
1200 3339 1271 3401 quae

118 3423 333 3494 inerarrabilia
360 3429 435 3488 sunt
463 3443 605 3488 enarrare
631 3422 859 3508 promittentes.
919 3420 1074 3502 Quoniam
1108 3419 1193 3486 enim
1231 3442 1271 3485 ex

118 3528 305 3615 cogitatione
327 3534 359 3593 et
382 3547 477 3591 sensu
494 3527 621 3591 verbum
643 3523 806 3602 emittitur,
828 3525 888 3588 hoc
911 3523 1017 3608 utique
1039 3544 1147 3588 omnes
1168 3523 1271 3590 sciunt

17 3654 45 3690 o.
57 3651 95 3694 nr.
117 3630 268 3696 homines.
314 3629 386 3694 Non
400 3651 475 3716 ergo
489 3649 639 3714 magnum
653 3628 727 3712 quid
743 3628 935 3705 invenerunt,
951 3625 1004 3711 qui
1018 3625 1201 3692 emissiones
1215 3648 1269 3691 ex·

116 3733 340 3820 cogitaverunt,
355 3752 456 3816 neque
474 3729 693 3796 absconditum
715 3728 907 3815 mysterium,
922 3727 950 3792 si
966 3727 997 3790 id
1018 3727 1102 3812 quod
1115 3728 1156 3792 ab
1172 3726 1270 3792 omni·

117 3837 175 3900 bus
186 3834 377 3921 intelligitur,
390 3833 613 3899 transtulerunt
623 3832 656 3896 in
667 3831 862 3916 unigenitum
873 3831 951 3896 ⁶1>ei
964 3830 1121 3896 Verbum:
1134 3838 1270 3914 atquem

118 3939 352 4004 inenarrabilem
370 3946 403 4003 et
423 3934 673 4002 innominabilem
693 3943 815 4011 vocant,
836 3935 929 4012 hunc,
945 3933 1033 4018 quasi
1053 3933 1113 4019 ipsi
1128 3934 1271 3997 obstetri-

118 4041 263 4118 caverint,
284 4040 393 4127 primae
418 4039 627 4126 generationis
651 4039 719 4124 ejus
747 4036 952 4124 prolationem
975 4045 1008 4101 et
1037 4035 1271 4123 generationem

167 4195 173 4225 ¹
187 4193 227 4244 i.e.
238 4207 255 4240 o
265 4193 355 4248 Parra·
366 4191 472 4256 Bythus,
484 4191 563 4251 Nous,
574 4191 665 4256 Logoe.
767 4189 777 4221 ³
794 4190 812 4248 ri
822 4191 908 4248 κλῆσιν
919 4188 934 4248 ἡ
946 4189 1103 4250 ἀνακάλυψιν.

165 4272 277 4336 ’Agein
294 4288 332 4321 we
352 4273 410 4321 read
427 4288 443 4320 a
465 4273 585 4321 defectiva
602 4277 665 4332 text,
767 4270 778 4302 ⁴
793 4271 848 4318 The
856 4269 1019 4319 OnamMS.
1029 4269 1143 4318 confirma
1152 4269 1271 4317 Gmn's

118 4355 200 4418 owing
211 4361 237 4404 to
249 4355 292 4403 the
302 4354 406 4403 writer's
417 4359 514 4403 custorn
526 4354 555 4401 ol
563 4355 669 4418 quoting
718 4353 829 4415 reading,
844 4350 1010 4414 principetur,
1023 4350 1105 4399 which
1123 4349 1238 4398 Sumus
1248 4349 1271 4396 is

118 4439 180 4486 lronr
198 4451 322 4500 memory3
339 4437 382 4485 the
401 4435 481 4484 words
500 4450 573 4498 neque
588 4435 669 4498 angeli
717 4434 843 4483 mistaten
854 4433 880 4480 in
892 4432 1051 4496 referringto
1062 4429 1106 4480 the
1120 4431 1270 4480 acleanthe·

119 4520 145 4566 in
156 4518 218 4578 celo,
231 4517 388 4582 represented
399 4515 425 4564 iu
433 4533 507 4580 every
516 4518 607 4565 known
614 4521 669 4564 tent
717 4517 767 4578 rity
779 4515 808 4563 ol
821 4515 864 4562 the
876 4515 979 4562 Aheno.
993 4514 1050 4562 MS.

119 4599 166 4646 and
178 4600 284 4658 version,
297 4614 339 4646 are
350 4597 462 4646 omitted.
769 4596 849 4643 ⁵'1'he
860 4596 959 4644 Cannu.
973 4595 1032 4644 MS.
1045 4593 1188 4644 hnsDeum.
