3225 5184
662 427 902 482 ramsrrana.
1285 410 1348 478 117

194 599 287 662 στεῖυ
306 590 511 682 ἐγκελεάεται
532 593 751 688 παρεστῶτος
779 591 889 660 αὑτοῦ.
929 588 1000 660 Kal
1020 589 1144 662 τούτου
1163 590 1346 682 γενομένου,
1363 601 1516 687 lfflfxlf

94 729 118 768 ο.
129 731 154 768 ιο
193 701 292 780 αὐτὸς
310 703 400 773 ἄλλο
419 706 580 802 ποτῆριον
599 706 719 792 πολλῷ
737 701 853 804 μεῖζον
870 703 998 786 ἐκείνου,
1026 704 1067 774 οὗ
1082 705 1100 783 ἦ
1119 699 1347 796 ἐξηπατημέηη
1362 695 1516 779 ⁸¹⁸⁸,Jffll

192 816 423 913 εὖχορέστησε,
447 815 685 914 προσενεγκὼν,
716 810 798 921 [Iar.
829 812 1044 914 προενεγκάν.
1074 824 1173 911 Ηῂνρ.
1198 810 1347 921 κρατῶν]
1363 819 1512 829 w

190 928 243 999 rui
261 929 489 1012 μετακενώσας
516 925 585 998 άπὸ
609 933 672 999 ποῦ
696 928 906 1029 μικροτέρου,
928 935 991 1000 τοῦ
1015 927 1080 1000 ὑπὸ
1108 937 1168 1011 τῆς
1197 928 1347 1019 γυναικὸς

192 1042 482 1138 ηὖχαριστημὲνου,
499 1043 541 1116 εἷς
558 1038 600 1112 τὸ
619 1043 672 1110 ὑπ’
685 1042 787 1113 αὑτοῦ
800 1040 1040 1123 κεκοσμημένον
1058 1036 1139 1146 [Ιυί.
1155 1043 1348 1125 κεκομισμέ-

193 1149 276 1257 νον],
292 1154 456 1244 ἐπιλέγων
473 1151 542 1236 ἅμα
563 1151 674 1230 οὕτως·
705 1155 752 1224 Ἡ
769 1152 838 1252 πρὸ
855 1157 921 1224 πῶν
941 1153 1036 1237 ὅλων,
1052 1156 1070 1235 ἦ
1086 1154 1275 1236 ἀνεννόητος
1293 1155 1347 1226 καὶ

117 1293 144 1328 -·
192 1265 336 1365 ἅῤῥητος
353 1264 463 1365 Χάρις
477 1267 652 1364 πληρώσαι
671 1298 734 1338 σου
753 1266 814 1338 τὸν
834 1267 899 1336 ἔσω
916 1264 1098 1364 άνθρωπον,
1112 1267 1165 1339 καὶ
1185 1269 1345 1350 πληθῦναι

191 1381 223 1448 ἐν
253 1381 309 1450 σοὶ
341 1380 400 1462 τὴν
426 1383 548 1470 γνῶσιν
577 1380 682 1463 αὐτῆς,
712 1377 1029 1477 ἐγκατασπεῖρουσα
1055 1378 1116 1452 τὸν
1140 1382 1256 1452 κόκκον
1281 1386 1344 1451 τοῦ

191 1489 351 1569 σινάπεως
377 1495 421 1568 εἷς
446 1492 505 1574 τὴν
532 1491 660 1582 ἀγαθὴν
687 1503 758 1585 γῆν.
798 1491 870 1561 Kal
898 1488 1039 1562 τοιαῦτά
1063 1524 1137 1564 τινα
1160 1493 1265 1576 εἰπὼν,
1290 1493 1344 1563 καὶ

190 1603 411 1704 ἐξοιστρῆσος
445 1599 628 1710 [dra-rainae
659 1599 807 1708 Hippoi]
838 1603 898 1686 niro
927 1605 1151 1703 ταλαίπωρον,
1176 1609 1345 1690 θαυματο-

190 1720 285 1794 ποιὸς
317 1714 470 1816 ἀνεφάνη,
509 1723 572 1788 τοῦ
608 1696 760 1808 μεγάλου
796 1717 1028 1814 πληρωθέντος
1066 1719 1100 1788 ἔκ
1133 1725 1196 1791 τοῦ
1228 1724 1345 1816 μικροῦ

191 1832 362 1928 ποτηρίου,
383 1829 541 1902 ὥστεκαὶ
565 1824 817 1928 ὑπερεκχθῖσθαι
841 1826 879 1922 ἐξ
902 1829 1013 1900 αὑτοῦ.
1055 1830 1126 1901 Kal
1152 1829 1243 1903 ἄλλο
1267 1862 1343 1901 τινα

191 1946 323 2020 τούτοις
360 1947 582 2041 παραπλήσια
617 1946 719 2012 ποιεῖνν
756 1939 947 2035 ἐξηπάτησε
976 1943 1133 2027 πολλοὺς,
1169 1943 1223 2014 καὶ
1258 1945 1345 2015 άπα-

191 2061 315 2151 γῆοχευ
330 2056 437 2127 ὀπίσω
450 2059 558 2128 αὑτοῦ.
589 2053 691 2130 Εἰκὸς
707 2052 741 2124 dd
757 2053 858 2125 αὐτὸν
869 2053 922 2123 καὶ
937 2052 1075 2138 δαίμονά
1089 2088 1164 2128 τινα
1179 2053 1345 2155 πάρεδρον

191 2171 288 2266 ἔχειν,
321 2166 359 2238 dr’
390 2168 431 2240 od
459 2169 557 2246 αὑτός
586 2201 626 2240 τε
654 2169 901 2267 ’προφητεύειν
929 2164 1025 2250 δοκεῖ,
1055 2170 1107 2240 καὶ
1139 2170 1221 2246 ὅσος
1250 2167 1344 2263 <igino

189 2355 285 2418 agere
304 2333 397 2418 jubet
423 2339 582 2416 prasente
607 2353 649 2395 se.
704 2329 749 2394 Et
772 2329 827 2394 ubi
853 2329 914 2393 hoo
939 2329 1060 2395 santum
1086 2341 1145 2409 eat,
1163 2331 1231 2417 ipae
1248 2331 1345 2394 alium

190 2431 317 2496 calicem
338 2431 438 2496 multo
455 2431 608 2515 majorem
627 2452 720 2516 quam
735 2436 783 2494 est
799 2429 861 2501 ille,
879 2429 911 2493 in
929 2451 992 2513 quo
1005 2430 1058 2494 illa
1075 2433 1207 2496 seducta
1220 2430 1344 2494 Euoha

190 2533 313 2596 ristiam
332 2531 409 2596 iaoit
429 2522 556 2625 [iecit],
567 2531 738 2614 profereus,
751 2541 784 2592 et
801 2529 1027 2593 transfundens
1044 2553 1064 2594 a
1082 2531 1205 2606 minori,
1224 2531 1277 2615 qui
1295 2540 1345 2594 eet

190 2653 210 2694 a
230 2632 361 2696 muliero
385 2631 614 2696 ²Euohariatioe
637 2631 749 2702 iactus,
779 2629 811 2691 iu
840 2629 927 2692 illum
949 2630 1002 2713 qui
1028 2640 1077 2695 eat
1102 2633 1143 2694 ab
1171 2652 1209 2693 eo
1229 2631 1344 2693 allatus

191 2731 317 2810 8(ιιιυΙῐο
340 2732 516 2816 majorem),
539 2729 648 2792 statim
676 2729 783 2792 dioens
807 2729 873 2792 ita:
900 2729 967 2792 Illo
990 2751 1059 2814 quur
1080 2739 1123 2794 eat
1144 2739 1214 2793 anta
1230 2729 1342 2802 omnia,
1364 2751 1507 2791 ananau.

190 2830 432 2915 inoraoyitodilia
447 2839 475 2894 ot
492 2827 713 2893 inenarrabilia
725 2828 845 2912 pratia,
863 2828 1033 2913 odiraploat
1047 2837 1134 2894 tuam
1151 2830 1235 2893 intas
1250 2829 1343 2892 homi·

191 2953 266 3005 aem,
290 2942 318 2994 et
344 2931 525 3016 υιυῐίῖρέἱουέ
550 2929 585 2992 ia
609 2937 636 2993 to
660 2929 845 3013 opaitioaem
870 2950 970 3002 auom,
998 2930 1185 2994 iaaamiaoaa
1206 2951 1344 3014 proriam

190 3032 311 3116 anapia
327 3033 361 3094 ia
378 3033 487 3095 bonam
508 3038 631 3093 terram.
686 3029 730 3092 Et
753 3028 833 3092 talia
860 3028 1006 3111 quaedam
1033 3030 1149 3100 dicens,
1175 3039 1208 3093 et
1239 3031 1270 3092 in
1298 3030 1343 3092 in·

191 3133 311 3196 naniam
342 3131 473 3195 mittens
503 3128 587 3192 illam
619 3128 785 3200 infelicem,
814 3127 1013 3191 admirabilia
1042 3129 1159 3193 iaciens
1185 3129 1343 3213 apparuit,

192 3231 318 3316 quando
336 3231 438 3316 major
454 3229 536 3294 oalix
551 3226 742 3312 adimpletus
760 3235 809 3289 est
831 3227 871 3288 de
885 3226 997 3288 minori
1016 3227 1121 3293 calice.
1133 3236 1171 3291 ut
1187 3236 1219 3291 at
1236 3249 1343 3311 auper-

191 3330 367 3395 effunderet
392 3353 430 3394 εκ
459 3351 506 3394 eo.
562 3329 603 3390 ltt
625 3327 687 3390 alia
713 3327 860 3411 quaedam
878 3324 927 3388 hia
948 3325 1061 3388 similia
1078 3325 1204 3389 iaciens.
1223 3328 1345 3389 ⁴exter-

192 3430 323 3494 minavit
353 3431 478 3496 multos.
508 3435 541 3491 et
568 3427 726 3491 abstraxit
756 3436 828 3510 post
850 3447 893 3488 εο,
936 3424 1043 3488 Datur
1066 3433 1175 3488 antem
1201 3425 1344 3511 intelligi,

191 3552 263 3593 eum
289 3541 322 3595 et
349 3532 523 3594 drumonem
551 3527 707 3612 quendam
730 3525 901 3610 paredrum
925 3525 1052 3602 habere,
1081 3546 1139 3608 per
1159 3547 1253 3611 quern
1278 3525 1345 3610 ipse

192 3652 316 3714 quoquo
345 3630 537 3716 prophetare
570 3627 705 3702 videtur,
742 3635 775 3689 et
810 3633 969 3708 quotquot
1002 3625 1114 3710 dignae
1148 3634 1243 3711 putat
1276 3625 1346 3688 fieri

240 3787 249 3818 ¹
270 3787 438 3834 lerotrnus
455 3801 510 3848 says
529 3785 552 3831 iu
570 3784 620 3830 lito
632 3797 741 3841 manner,
792 3781 836 3842 ing
853 3780 918 3827 their
935 3780 994 3828 hold
1013 3797 1079 3844 upon
1100 3782 1170 3829 tluruo
1188 3781 1267 3829 whom
1286 3783 1345 3844 they

191 3881 227 3918 vt,
241 3884 279 3928 41,
294 3870 399 3916 Τοιαῦτα
411 3869 436 3916 δέ
454 3869 492 3914 καὶ
510 3869 579 3926 tropa
597 3866 714 3925 ἐπεχείρει
731 3864 745 3910 ὁ
792 3861 840 3908 had
858 3877 918 3910 once
929 3861 1066 3925 parrer-ted.

192 3951 282 3999 πλάνος
300 3953 384 3998 ποιεῖν·
405 3951 439 3997 διὸ
458 3951 503 3996 ὑπὸ
520 3950 568 3995 τῶν
582 3947 745 4004 ἀπατωμένων
841 3941 921 3990 ²The
931 3947 1064 3990 Anuauau
1075 3943 1177 4006 reading
1187 3943 1346 3990 Euchurahtioe

192 4033 324 4092 ἐδοξάζετο,
342 4031 381 4079 καὶ
394 4033 453 4078 ποτέ
465 4028 529 4092 [μέν]
545 4029 615 4076 αὐτὸς
627 4027 745 4084 ἐνομέζετο
791 4023 812 4072 ia
824 4025 939 4087 adopted,
953 4025 1016 4072 from
1031 4026 1074 4072 the
1087 4025 1195 4088 analogy
1209 4025 1237 4071 os
1248 4024 1291 4072 tha
1304 4039 1344 4071 ex·

192 4117 357 4176 προφητεὺειν,
378 4114 437 4160 πυτέ
454 4114 478 4159 δέ
496 4113 535 4158 καὶ
552 4111 644 4170 ἐτέρους
660 4109 743 4154 ἐποέει’
791 4105 902 4167 preasion
920 4103 948 4150 os
968 4104 993 4152 S.
1016 4105 1098 4159 Patra,
1122 4106 1150 4153 τὸ
1174 4105 1286 4165 ποτήριον
1303 4106 1345 4162 τῆς

191 4200 232 4245 ὅτε
249 4199 292 4254 μέν
309 4197 348 4242 καὶ
365 4197 404 4243 διὰ
420 4194 534 4250 δαιμόνων
545 4194 622 4238 ταῦτα
635 4191 742 4250 ἐνεργῶν,
792 4186 910 4246 εὐλογίας,
927 4187 1005 4234 tCor.
1019 4202 1043 4234 x.
1059 4185 1096 4235 16.

191 4280 233 4328 ὅτε
245 4281 271 4326 δέ
282 4281 321 4326 aul
334 4279 438 4338 κυβεύων
449 4275 478 4324 ὡς
495 4273 645 4334 προείπομεν.
680 4272 743 4318 liuh·
841 4265 852 4296 ¹
875 4267 954 4314 Muto
976 4268 1096 4327 mojorem,
1121 4267 1190 4315 thena
1206 4266 1287 4315 worda
1303 4283 1345 4316 aro

192 4362 247 4408 λοὺε
264 4362 342 4407 τοίνυν
358 4357 503 4418 ἐξαφανίσας
521 4357 601 4402 κ.τ.λ.
635 4353 688 4400 Tha
706 4367 745 4398 ve·
791 4350 871 4398 t'ouud
886 4352 912 4398 in
930 4350 963 4398 all
974 4351 1017 4398 the
1030 4351 1116 4409 MSS„
1131 4352 1177 4400 but
1193 4352 1254 4414 thoy
1264 4366 1344 4399 eona
1405 4391 1411 4398 .

192 4441 291 4488 nerablo
309 4440 402 4496 writer,
425 4453 452 4483 aa
473 4435 493 4483 is
513 4435 585 4482 usual
602 4433 663 4479 with
683 4432 743 4490 him,
791 4432 873 4496 spond
889 4432 951 4481 with
967 4433 1076 4494 nothing
1092 4433 1116 4480 in
1133 4433 1176 4481 tha
1191 4433 1281 4492 Greek,
1294 4433 1345 4480 and

191 4522 285 4568 tlrrowa
307 4520 350 4568 the
373 4517 421 4564 veil
441 4515 469 4563 of
488 4515 577 4562 uilonco
600 4529 658 4560 ovar
677 4513 745 4560 thone
791 4530 834 4562 are
845 4515 994 4578 apparently
1004 4513 1120 4577 repeated
1131 4515 1195 4561 from
1206 4514 1294 4562 above.

193 4602 335 4649 Marcoman
351 4599 478 4662 practices,
499 4595 548 4643 and
566 4596 712 4642 subarantur
730 4609 746 4640 a
841 4596 852 4626 ⁴
870 4595 1034 4644 Elaea-noima
1053 4596 1074 4642 ia
1091 4595 1151 4642 used
1169 4595 1194 4642 in
1214 4596 1257 4643 thu
1274 4611 1346 4645 sanae

101 4685 107 4692 '
191 4683 256 4731 lirici
265 4679 410 4730 aooountof
421 4678 485 4726 their
501 4673 641 4723 methodos
655 4675 743 4722 retain·
795 4678 824 4724 of
832 4678 930 4740 laurliup
940 4685 1028 4740 (noroy,
1043 4676 1104 4739 infr.
1117 4694 1136 4725 ο.
1147 4693 1189 4725 xx.
1200 4696 1224 4738 4,
1236 4678 1345 4727 itianot
