3225 5184
495 420 544 473 ΕΤ
568 418 833 475 Necesslnsrls
857 419 1016 474 SERVUS.
1236 406 1305 473 263

148 576 304 643 concessit
330 574 468 642 Pater
458 580 610 664 meorum,
640 578 911 664 quemadmodum
937 578 1068 665 quidam
1097 578 1219 655 dicunt,
1245 586 1435 683 antmpgpp
1447 601 1467 639 a

147 686 263 764 potens
284 676 454 764 prohibere
475 677 631 743 concessit
654 685 788 789 propter
808 679 1032 745 necessitatem
1053 680 1224 765 quandam,
1245 687 1304 746 aut
1321 646 1467 731 1111111111·

147 799 212 842 non
148 786 351 943 eetpotens.
404 775 469 843 Sed
487 777 644 863 siquidem
668 780 733 843 non
757 784 897 865 poterat,
919 779 1075 845 invalidus
1099 789 1135 844 et
1159 779 1303 845 infirmus
1322 814 1465 823 -—--

209 877 273 943 :si
299 884 407 945 autem
438 883 563 963 potens,
592 878 742 943 seductor
770 886 802 943 et
832 880 1011 966 hypocrita,
1041 887 1076 946 et
1103 880 1303 947 necessitatis

147 1000 275 1043 servus:
300 998 365 1043 non
394 977 594 1043 consentiens
622 977 759 1063 quidem,
782 979 959 1045 concedens
978 988 1087 1045 autem
1112 980 1203 1066 quasi
1228 1003 1303 1046 oon·

148 1078 277 1145 sentiat.
329 1077 376 1144 Et
392 1076 484 1144 initio
499 1079 675 1144 concedens
693 1077 821 1143 ¹sistere
837 1100 977 1144 errorem
994 1088 1029 1145 et
1045 1102 1186 1145 crescere
1201 1080 1301 1157 illum,

148 1176 182 1244 in
197 1178 424 1263 posterioribus
441 1177 637 1263 temporibus
659 1177 781 1243 solvere
805 1178 894 1244 illum
918 1184 1064 1257 conatur,
1082 1181 1211 1266 quando
1230 1180 1301 1267 jam

147 1276 240 1343 multi
256 1278 339 1343 male
356 1276 519 1363 perierunt
534 1283 667 1363 propter
682 1277 797 1344 labem.

226 1382 256 1443 4.
309 1376 383 1443 Non
401 1378 493 1443 decet
511 1384 620 1443 autem
643 1399 715 1443 enm
737 1377 791 1463 qui
813 1398 910 1463 super
925 1378 1033 1445 omnia
1048 1380 1093 1446 sit
1109 1379 1209 1459 Deus,
1227 1402 1300 1446 com

148 1476 191 1543 sit
218 1478 300 1543 liber
326 1483 361 1543 et
386 1498 452 1543 suae
479 1476 660 1563 potestatis,
685 1477 869 1543 necessitati
893 1478 1025 1543 servisse
1051 1479 1169 1554 dicere,
1193 1488 1232 1546 ut
1256 1480 1300 1547 sit

148 1576 268 1664 aliquid
285 1578 457 1644 secundum
473 1575 704 1643 concessionem
720 1584 841 1662 praeter
854 1578 1048 1644 sententiam
1061 1579 1144 1665 ejus:
1159 1579 1300 1666 alioquin

148 1677 371 1744 necessitatem
395 1677 550 1764 majorem
579 1686 614 1743 et
641 1676 885 1743 dominationem
911 1677 1029 1744 facient
1057 1700 1154 1764 quam
1181 1678 1298 1759 Deum,

148 1778 326 1864 quandoid
343 1779 428 1864 quod
445 1776 547 1865 magis
562 1783 680 1864 potest,
697 1776 859 1862 antiquius
874 1776 917 1842 sit
933 1778 1089 1844 omnibus.
1125 1778 1172 1844 Et
1188 1781 1300 1846 statim

149 1878 183 1943 in
206 1877 360 1966 principio
387 1900 498 1943 causas
522 1877 687 1943 abscidere
709 1876 908 1942 necessitatis
933 1878 1055 1958 debuit,
1081 1886 1116 1945 et
1139 1900 1206 1944 non
1226 1902 1300 1946 con·

150 1978 278 2044 cludere
309 1977 515 2064 semetipsum
548 1978 589 2043 ad
621 1976 803 2042 habendam
831 1976 1064 2053 necessitatem,
1097 1980 1300 2045 concedendo

149 2078 266 2164 aliquid
284 2086 498 2164 preterquam
513 2078 626 2142 deceat
648 2098 730 2141 eum.
784 2076 893 2142 Multo
917 2076 1003 2142 enim
1027 2078 1149 2157 melius,
1167 2087 1202 2146 et
1226 2102 1299 2146 con·

149 2179 341 2265 sequentius,
369 2186 403 2243 et
436 2176 539 2265 magis
568 2177 715 2242 deificum
744 2182 826 2252 erat,
854 2184 893 2242 nt
926 2177 960 2242 in
991 2178 1147 2265 principio
1173 2179 1300 2246 initium

149 2278 312 2345 excideret
336 2277 516 2366 hujusmodi
539 2275 746 2352 necessitatis,
765 2298 863 2362 quam
886 2285 1009 2363 postea,
1025 2278 1114 2364 quasi
1134 2280 1176 2344 de
1200 2278 1301 2366 poeni·

150 2379 264 2454 tentia,
282 2386 454 2445 conaretur
469 2384 596 2443 tantam
614 2375 893 2441 fructificationem
910 2378 1110 2444 necessitatis
1126 2380 1300 2449 eradicare.

150 2478 240 2544 Etsi
257 2478 440 2545 necessitati
456 2477 596 2543 serviens
612 2476 674 2542 erit
697 2476 796 2540 Pater
816 2476 1046 2552 universorum,
1064 2485 1098 2542 et
1114 2480 1174 2543 sub
1197 2481 1300 2544 iatum

150 2578 246 2644 cadet
262 2578 396 2642 moleste
411 2579 515 2642 ferens
531 2576 564 2639 in
577 2576 707 2660 hisquae
725 2574 816 2649 fiunt,
827 2583 947 2661 prater
958 2576 1182 2641 necessitatem
1191 2587 1300 2644 antem

151 2683 186 2743 et
204 2677 307 2742 iatum
322 2676 401 2740 nihil
418 2698 513 2762 agere
526 2676 646 2761 possita
665 2672 814 2738 similiter
832 2680 931 2759 atque
949 2674 1140 2740 Homericus
1157 2676 1300 2762 Jupiter,

151 2776 206 2863 qui
230 2799 287 2862 per
311 2775 535 2841 necessitatem
560 2773 658 2840 dicit:
686 2772 748 2837 'Et
770 2794 821 2858 epo
836 2774 918 2838 caim
934 2775 993 2840 tibi
1009 2774 1084 2841 dedi
1097 2775 1178 2839 celat
1192 2777 1300 2855 colens,

48 2900 72 2937 c.
84 2898 125 2936 na
150 2878 265 2944 sabate
279 2877 393 2942 ocimo.
446 2874 625 2940 Secundum
643 2872 744 2961 igitur
771 2873 854 2939 hano
877 2873 1036 2941 rationem
1053 2875 1253 2942 necessitatis
1266 2886 1301 2943 et

150 2978 210 3045 isti
222 2977 401 3044 invenietur
417 2998 534 3055 servus,
554 2974 680 3061 Bythus
696 2974 847 3059 ipsorum.

49 3088 131 3128 11111
228 3082 260 3146 5.
314 3077 484 3154 Quomodo
506 3082 615 3141 antem
638 3082 672 3139 et
693 3072 887 3161 ignorabant
913 3076 963 3141 vel
983 3076 1090 3163 angeli
1113 3078 1301 3143 entmundi

149 3177 325 3243 fabricator
350 3176 488 3263 primum
515 3175 632 3252 Deum,
663 3174 791 3259 quando
816 3174 848 3238 in
874 3175 942 3261 ejus
964 3175 1101 3262 propriis
1125 3186 1241 3251 essent,
1266 3184 1302 3243 et

149 3280 319 3343 ³creatura
342 3277 517 3343 existerent
537 3276 615 3362 ejus,
633 3282 667 3341 et
690 3271 932 3339 continerentur
948 3275 1090 3361 abipso!
1133 3276 1302 3342 Invisibilis

150 3377 278 3464 quidem
303 3384 433 3463 poterat
464 3376 510 3442 eis
537 3397 606 3441 esse
632 3380 766 3461 propter
790 3374 1008 3452 eminentiam,
1034 3375 1163 3462 ignotus
1192 3382 1300 3441 autem
1314 3404 1440 3451 sento

150 3499 350 3564 nequaquam
383 3485 515 3564 propter
542 3472 786 3561 providentiam.
849 3473 981 3540 Etenim
1016 3476 1092 3541 licet
1121 3475 1213 3540 valde
1244 3454 1345 3562 pern

151 3578 387 3645 descensionem
408 3578 489 3644 mult
475 3587 545 3644 tum
564 3572 706 3662 separati
723 3580 831 3639 essent
855 3576 898 3640 ab
921 3598 969 3651 eo,
987 3576 1148 3662 quomodo
1171 3575 1301 3653 dicunt;

150 3680 208 3743 sed
241 3686 352 3745 tamen
388 3676 571 3743 dominio
562 3700 594 3741 m
627 3695 737 3740 omnes
766 3681 909 3752 extenso,
944 3674 1089 3762 oportuit
1112 3698 1303 3764 cognoscere

151 3777 369 3844 dominantem
392 3777 542 3864 ipsorum,
568 3784 601 3843 et
618 3776 679 3841 hoc
703 3773 808 3859 ipsum
822 3775 914 3856 scire,
930 3777 1079 3862 quonism
1104 3776 1158 3863 qui
1183 3775 1303 3843 creavit

151 3900 215 3957 eos,
234 3888 285 3945 est
303 3877 460 3943 Dominus
474 3878 624 3944 omnium.
663 3873 827 3940 Invisibile
844 3876 928 3941 enim
943 3877 1012 3961 ejus
1028 3899 1101 3941 cum
1117 3876 1161 3942 sit
1177 3882 1302 3963 potens,

149 4000 300 4066 magnam
317 3978 433 4044 mentis
449 3978 653 4044 intuitionem
676 3980 708 4039 et
735 3975 979 4041 sensibilitatem
1001 3976 1148 4041 omnibus
1168 3981 1304 4061 prestat

150 4080 381 4164 potentissimae
397 4086 431 4145 et
449 4074 677 4163 omnipotentis
693 4073 886 4143 eminentia.
939 4074 1037 4139 Unde
1053 4075 1180 4139 etiamsi
1201 4076 1305 4139 ‘semo
1316 4102 1398 4143 aasz.
1408 4102 1440 4139 ιι.

151 4180 299 4265 copooscit
315 4181 446 4245 Patrem
462 4179 526 4245 cisi
542 4178 658 4255 Filia,
676 4194 770 4258 oeque
786 4174 919 4249 Fusae,
937 4175 1004 4240 sisi
1017 4175 1129 4251 Pater,
1146 4185 1176 4239 ct
1197 4172 1306 4261 quibus

150 4280 258 4345 Filias
279 4280 463 4357 reostocerit,
483 4285 593 4364 tamen
615 4276 675 4341 hoc
696 4272 800 4359 ipsum
822 4274 929 4340 omnia
952 4282 1159 4362 cognoscunt,
1178 4276 1306 4360 quando

201 4474 209 4505 ¹
229 4474 329 4537 Sistens,
342 4474 430 4525 Grsaoe
445 4474 614 4523 συνίστασθαι.
628 4470 703 4520 Bm.
803 4468 815 4501 ¹
832 4468 930 4528 κτίσμα.
958 4468 1003 4518 Ita
1010 4467 1098 4529 MSS,
1111 4474 1227 4517 ereum
1238 4466 1305 4517 Em).

200 4554 212 4587 ¹
229 4557 280 4607 Καὶ
290 4558 339 4620 γὰρ
350 4557 400 4618 ἐγώ
411 4573 449 4606 σοι
460 4557 526 4606 δῶκα
536 4557 604 4617 ἑὼ,
612 4552 706 4603 ἀέκοντί
804 4551 815 4580 ⁴
830 4550 884 4599 The
901 4555 957 4599 text
968 4550 990 4598 is
1003 4549 1097 4613 quoted
1115 4550 1142 4598 in
1161 4566 1195 4599 an
1211 4550 1308 4598 inverse

145 4651 182 4695 -γε
193 4636 267 4697 θυμῷ.
302 4635 335 4685 11.
349 4636 375 4685 δ’.
389 4649 428 4696 43.
755 4631 836 4691 order,
849 4648 878 4680 as
888 4638 916 4680 at
926 4648 951 4695 p,
968 4632 1015 4681 180
1026 4649 1033 4692 ;
1051 4632 1099 4679 but
1109 4646 1150 4680 sce
1162 4643 1198 4680 Ν.
1212 4631 1263 4680 xiv.

1095 4719 1208 4787 17-2
