3225 5184
623 380 910 435 causaturus.
1273 366 1338 431 149

184 548 258 616 τοῖς
277 540 355 615 νίοῖς
375 530 456 643 [τάν
472 531 570 643 νίάν],
598 540 630 609 ἐν
650 538 770 631 ἀγνοίᾳ
798 546 914 633 πολλῆ
939 541 1089 638 ὑπῆρχον
1115 540 1149 610 οἱ
1171 537 1338 639 ἄνθρωποι
1352 555 1473 646 21pr
1473 556 1502 640 1²,
1520 559 1522 562 .

1305 652 1319 681 4
1351 649 1503 689 himins.

1305 684 1502 736 09*

185 651 240 721 καί
267 647 386 744 πλάνη.
419 646 509 722 Ὅτε
534 649 570 721 ἀὲ
596 652 786 752 ἐφανερώθη
809 651 853 724 τά
877 648 1141 751 ἔξαγράμματον
1170 652 1284 737 ὄνομα,

186 760 297 863 σάρκα
335 760 596 862 περιεβάλλετο,
625 766 677 835 ’ίνα
710 767 754 841 είς
784 765 846 848 τῆν
873 766 1030 847 αἴσθησιν
1064 770 1128 837 τοῦ
1164 764 1340 865 ἀνθρώπου

186 877 342 970 κατελθη,
372 877 457 972 ἔχων
481 877 514 946 ἐν
536 879 640 967 ἑαυτῷ
668 876 752 950 otia-d
779 875 824 950 τά
851 875 894 972 ἓξ
917 877 971 948 καί
997 874 1042 949 τά
1068 878 1338 977 εἰκοσιτέσσαρα,

186 989 270 1061 τότε
298 989 434 1080 γνόντες
460 988 561 1060 αάτάν
586 991 777 1062 ἐπαύσαντο
804 997 863 1073 τῆς
888 990 1033 1082 ἀγνοίας,
1064 992 1098 1061 ἐκ
1133 987 1280 1063 θανάτον
1305 987 1340 1061 δὲ

186 1104 230 1178 είς
261 1100 343 1202 ζαῆν
374 1101 525 1185 ἀνῆλθον,
555 1109 619 1175 τοῦ
652 1104 816 1187 ὀνόματος
850 1103 961 1180 αὗτοῖς
996 1102 1095 1175 ’ἀάοῆ
1130 1105 1341 1196 γεννηθέντος

187 1211 271 1313 πρὸς
287 1211 349 1284 τὸν
369 1212 513 1311 Πατέρα
528 1217 587 1297 τῆς
602 1216 764 1297 ἀληθείας.
793 1214 1012 1298 Τεθεληκέναι
1031 1214 1099 1316 γάρ
1116 1215 1178 1288 τάν
1194 1216 1339 1315 Πατέρα

186 1331 252 1398 τῶν
290 1326 376 1396 ἀλινν
404 1332 505 1397 λῦσαι
541 1328 602 1410 τῆν
631 1326 776 1419 ἄγνοιαν,
814 1329 867 1398 καί
900 1333 1051 1399 καθελεῖν
1083 1327 1146 1401 τάν
1184 1330 1338 1401 θάνατον.

188 1437 347 1530 Ἀγνοίας
368 1436 402 1509 δὲ
421 1441 515 1516 λύσις
533 1443 551 1521 ῆ
571 1440 747 1532 ἐπίγνωσις
766 1441 870 1512 orirer?
889 1442 1030 1533 ἐγίνετο.
1071 1441 1142 1512 Καί
1162 1439 1215 1513 διὰ
1233 1448 1340 1514 τοῦτο

187 1552 382 1647 ἐκλεχθῆναι
409 1550 470 1622 τάν
496 1550 583 1624 κατὰ
611 1551 656 1624 τὸ
686 1554 813 1638 θέλημα
833 1554 936 1625 αὐτοῦ
953 1555 1029 1627 κατ’
1046 1555 1154 1626 είκόνα
1175 1558 1253 1636 ’τῆς
1275 1553 1340 1625 ἀνω

189 1662 346 1747 δυνάμεως
361 1666 616 1748 οίκονομηθὲντα
632 1665 848 1765 Ἄνθρωπον.

90 1801 158 1869 ²¹:⁷⁷·
271 1796 327 1865 14.
377 1776 472 1848 Ἀπὸ
501 1777 662 1878 τετράδος
692 1777 761 1878 γάρ
785 1782 957 1878 προῆλθον
979 1782 1013 1850 οί
1031 1778 1163 1855 Αίῶνες.
1213 1779 1287 1849 Ἦν
1305 1776 1340 1849 δὲ

88 1860 166 1992 Ξίὲίξ*
189 1890 223 1959 ἐν
250 1892 293 1982 τῆ
319 1887 457 1988 τετράδι
480 1889 685 1991 Ἀνθρωπος
713 1892 767 1963 καί
800 1892 996 1975 Ἐκκλησία,
1028 1890 1149 1983 Λόγος
1173 1893 1227 1963 καί
1255 1891 1339 1974 Zeti.

188 1998 282 2072 Ἀπά
310 2002 438 2074 τούτων
466 2000 520 2074 οὖν
550 2001 703 2087 δυνάμεις,
735 2005 848 2103 φησίν,
881 2004 1108 2102 ἀποῤῥνεῖσαι,
1138 2004 1341 2104 ε’γενεσιοάρ·

189 2143 298 2206 γησαν
323 2112 385 2185 τάν
408 2115 463 2183 ἐπί
494 2123 554 2207 γῆς
578 2118 726 2216 φανέντα
753 2117 893 2199 Ἰησοῦν.
936 2116 1008 2187 Καί
1035 2122 1099 2189 τοῦ
1127 2115 1186 2200 μὲν
1218 2115 1342 2211 Λόγον

187 2312 316 2376 luerunt
342 2311 484 2378 homines
508 2320 541 2379 et
567 2336 683 2378 errore.
736 2314 816 2380 Cum
839 2321 949 2378 autem
974 2313 1214 2379 manifestatum
1240 2321 1290 2379 est
1309 2334 1341 2378 vr

187 2412 352 2476 literarum
369 2434 494 2489 nomen,
517 2415 577 2478 hoc
597 2414 683 2500 quod
700 2422 749 2479 est
770 2414 945 2479 secundum
964 2435 1093 2479 carnem
1112 2413 1263 2479 amictum
1281 2421 1340 2489 est,

188 2518 226 2575 nt
248 2511 289 2575 ad
309 2512 550 2578 sensibilitatem
578 2513 713 2578 hominis
737 2514 955 2594 descenderet,
976 2515 1098 2579 habens
1117 2513 1151 2578 in
1171 2513 1342 2600 semetipso

188 2610 292 2696 ipsum
310 2634 434 2698 qnoque
452 2636 486 2677 v1
503 2622 536 2678 et
550 2613 663 2699 viginti
681 2622 835 2699 quatuor;
854 2620 932 2679 tunc
949 2623 1175 2699 cognoscentes
1188 2635 1260 2677 eum
1277 2636 1342 2678 ces-

188 2720 338 2777 saverunt
350 2714 392 2777 ab
409 2712 618 2799 ignoratione,
630 2722 664 2778 et
677 2736 697 2777 a
710 2720 815 2777 morte
827 2712 861 2776 in
871 2711 969 2779 vitam
981 2712 1201 2782 escenderunt,
1215 2712 1343 2776 nomine
1354 2736 1384 2776 11.
1394 2736 1452 2777 nu
1465 2734 1505 2777 ιν.

189 2810 234 2875 eis
251 2810 337 2875 sacto
354 2813 507 2877 ducatore
524 2813 565 2877 ad
584 2812 717 2877 Patrem
734 2812 889 2879 veritatis.
942 2811 1089 2875 Voluisse
1106 2811 1190 2876 enim
1208 2810 1342 2877 Patrem
1354 2784 1429 2825 Μ

189 2911 405 2975 universorum
423 2913 543 2977 solvere
558 2912 783 2999 ignorantiam,
805 2922 839 2977 et
865 2915 1029 2980 destruere
1052 2921 1199 2978 mortem.
1247 2910 1342 2998 Igno·

189 3008 303 3075 rantiae
321 3020 429 3075 autem
445 3011 570 3089 solutio,
589 3012 711 3099 agnitio
732 3013 799 3098 ejus
825 3014 932 3079 fiebat.
980 3012 1025 3077 Et
1043 3022 1175 3098 propter
1194 3013 1255 3077 hoc
1278 3012 1344 3077 dic·

189 3116 260 3174 tum
273 3111 445 3176 secundum
456 3112 655 3178 voluntatem
667 3113 744 3197 ejus,
761 3134 835 3177 eum
851 3111 905 3198 qui
922 3120 972 3178 est
988 3112 1161 3176 secundum
1173 3111 1344 3197 imaginem

190 3210 267 3295 ejus,
286 3233 356 3296 quae
372 3233 496 3276 sursum
514 3219 563 3277 est
582 3211 692 3288 virtus,
711 3211 900 3297 dispositum
919 3210 1101 3275 Hominem.

269 3314 321 3377 14.
369 3311 401 3375 A
420 3312 665 3396 quaternatione
685 3309 770 3376 enim
797 3311 956 3397 progressi
979 3316 1055 3374 sunt
1084 3310 1214 3375 AEones.
1260 3309 1344 3375 Erat

190 3417 299 3474 antem
316 3410 349 3473 in
367 3410 612 3496 quaternatione
638 3411 826 3496 Anthropos
849 3418 884 3476 et
903 3408 1055 3485 Ecclesia,
1075 3408 1180 3497 Leges
1205 3417 1239 3475 et
1264 3408 1342 3475 Zoe.

190 3510 242 3574 Ab
253 3509 290 3574 iis
303 3508 401 3597 igitur
411 3510 556 3589 virtutes,
567 3511 624 3588 ait,
636 3518 792 3576 emanatae
803 3522 1036 3597 generaverunt
1048 3532 1132 3586 eum,
1147 3510 1242 3594 quiin
1256 3520 1346 3575 terra

191 3608 412 3675 manifestatus
438 3618 497 3689 est,
524 3610 648 3676 Jesum.
701 3610 747 3677 Et
768 3610 849 3698 Logi
875 3611 1003 3697 quidem
1028 3611 1133 3676 locum
1158 3610 1345 3697 adimplesse

241 3801 250 3833 ¹
267 3802 320 3851 'l'he
336 3802 419 3852 Greek
435 3808 490 3852 text
506 3794 529 3852 is'
544 3809 611 3852 mest
626 3803 703 3868 likely
716 3806 743 3853 to
791 3803 864 3853 ested
880 3803 907 3852 in
925 3804 968 3853 the
982 3803 1079 3853 version
1096 3804 1131 3868 by
1146 3802 1246 3864 didere,
1263 3803 1347 3853 unless

192 3882 223 3931 be
233 3883 309 3946 right,
321 3884 361 3932 for
372 3884 441 3933 there
452 3884 473 3933 is
484 3901 500 3933 a
510 3884 628 3934 manifest
639 3884 743 3933 allusion
791 3882 881 3930 indeed
892 3882 935 3931 the
946 3883 1082 3931 translator
1093 3887 1170 3931 wrote
1181 3882 1285 3930 electum

191 3968 219 4013 to
230 3964 274 4012 the
292 3964 373 4013 words
386 3966 415 4014 ef
428 3982 475 4015 cur
491 3966 566 4027 Lerd,
580 3966 640 4016 doh,
653 3966 704 4015 xiv.
717 3963 741 4025 6,
841 3962 913 4023 ’τῆς
929 3966 978 4013 ἀνω
992 3966 1118 4024 δυνάμεως,
1135 3964 1232 4012 neither
1244 3964 1348 4025 Χριστὸν

193 4044 211 4093 I
230 4060 272 4092 om
288 4046 325 4095 tle
341 4062 401 4109 νογ,
421 4046 459 4096 tle
474 4048 548 4108 uult,
568 4048 621 4097 aad
638 4046 675 4096 tta
691 4046 743 4110 life.
792 4060 839 4093 nor
852 4046 948 4106 Σωτὴρ,
964 4060 992 4093 νε
1009 4044 1104 4093 Gnm
1120 4043 1249 4107 imagines,
1261 4043 1348 4092 andto

193 4126 253 4175 Itis
268 4142 284 4176 a
297 4132 390 4177 matter
403 4129 432 4177 ol
445 4130 553 4193 surprise
568 4130 624 4177 that
638 4129 689 4177 this
700 4128 745 4176 has
792 4126 874 4175 which
892 4125 1022 4174 unsrun
1043 4125 1099 4173 mu
1118 4130 1221 4185 msents,
1241 4124 1288 4173 but
1303 4124 1348 4173 the

191 4212 237 4257 not
247 4209 310 4257 been
321 4209 458 4259 remarhed.
493 4210 546 4258 'l'he
560 4226 664 4274 passage
675 4210 745 4273 gives
794 4207 914 4272 Supremo
935 4206 1004 4255 AEon
1023 4207 1177 4271 Anthropos,
1201 4206 1282 4254 which
1303 4206 1347 4255 the

192 4291 297 4339 another
308 4290 382 4354 prool'
390 4291 446 4339 that
457 4290 501 4338 the
511 4291 664 4340 translatore
672 4306 744 4355 copy,
793 4290 946 4339 Ptolemaeen
957 4304 1100 4353 precursors
1111 4288 1140 4336 el
1148 4288 1191 4336 the
1202 4287 1347 4336 Μονουνίου

191 4366 268 4415 taken
285 4367 391 4430 perhaps
408 4371 436 4414 at
451 4366 519 4414 third
536 4367 604 4415 hand
620 4368 684 4416 from
702 4368 746 4417 the
792 4370 881 4434 heresy
901 4368 1028 4418 identified
1049 4369 1110 4419 with
1133 4368 1265 4433 Prnpator.
1301 4367 1348 4416 See

192 4446 306 4510 original,
316 4464 367 4495 was
379 4452 406 4495 st
417 4447 474 4495 thet
483 4448 550 4512 early
559 4448 617 4497 dete
623 4464 657 4497 uo
664 4449 746 4499 model
793 4450 853 4508 vn}
866 4464 888 4511 τ,
903 4463 925 4511 3.
937 4449 980 4499 rii.
1004 4450 1042 4498 du
1053 4448 1069 4508 ἡ
1081 4448 1140 4510 ὑπὲρ
1151 4450 1184 4497 τὰ
1194 4450 1241 4496 ὅλα
1252 4448 1349 4506 δύναμιν

193 4528 358 4593 olnecuracy.
395 4528 429 4578 So
443 4528 531 4577 within
545 4545 560 4577 a
575 4530 622 4578 few
633 4530 696 4579 lines
708 4547 745 4579 we
794 4533 835 4581 rel
851 4532 1019 4595 ἑμτεριεκτικῆ
1035 4532 1084 4578 τῶν
1100 4530 1349 4592 πόντωνἌνθραπος

194 4610 259 4661 hare
277 4610 321 4661 the
338 4610 401 4661 false
418 4609 521 4675 msdng
539 4614 663 4674 λεχθῆναι,
684 4613 747 4662 indi·
795 4614 913 4663 καλεῖται.
949 4612 1100 4673 fluentes
1114 4628 1139 4676 p.
1154 4623 1207 4673 ¹³4·
