3225 5184
542 416 593 469 nn
616 415 845 473 counrronn.
1202 404 1271 474 273

1285 596 1409 637 LlRIML
1416 600 1434 638 1'.

1301 644 1347 683 on»
1355 644 1384 682 11.
1392 654 1414 683 x.

591 716 693 783 one.
718 716 784 783 1x.
1286 690 1430 775 ¹¹*⁸l.¹¹·¹·

1287 814 1435 825 ..--

198 864 260 940 De
282 861 535 964 questionibus
554 876 587 939 et
601 864 806 962 parabolis,
830 865 1010 964 quomodo
1032 878 1196 967 oporteat

426 982 559 1057 solvere
575 1008 620 1057 eo
637 1008 716 1081 qua
733 996 954 1081 queruntur.

183 1158 214 1222 1.
257 1155 432 1226 Pnnousu
449 1156 554 1243 itaque
573 1156 751 1222 irrationale
766 1166 826 1237 est,
841 1158 1118 1245 praetermittentes
1131 1182 1204 1227 eum
1218 1162 1272 1248 qui

117 1280 188 1325 vere
203 1266 252 1324 est
267 1258 356 1324 Deus
375 1268 408 1323 et
430 1258 484 1344 qui
502 1259 544 1322 ab
563 1257 708 1323 omnibus
722 1260 819 1324 habet
836 1259 1060 1341 testimouium,
1083 1284 1222 1349 quaerere
1243 1264 1272 1329 si

116 1370 165 1429 est
179 1383 358 1449 supereum
373 1361 400 1425 is
414 1361 467 1447 qui
483 1382 545 1425 nou
561 1368 620 1439 est,
643 1369 676 1427 et
696 1362 751 1447 qui
768 1383 787 1425 a
809 1363 933 1428 nemine
949 1386 1088 1452 unquam
1107 1367 1272 1431 annuntia·

115 1472 169 1530 tus
191 1472 251 1529 est.
297 1462 451 1545 Quoniam
470 1462 555 1528 enim
576 1462 742 1528 manifeste
764 1463 839 1527 nibil
863 1465 981 1530 dictum
996 1478 1045 1533 est
1059 1468 1098 1531 de
1112 1490 1150 1532 eo
1165 1480 1198 1535 et
1212 1467 1271 1553 ipsi

115 1566 329 1633 testimonium
341 1566 517 1653 perbibent:
542 1564 614 1652 quia
634 1574 739 1631 autem
756 1566 929 1652 parabolas,
951 1590 1021 1654 quae
1040 1578 1221 1655 quaeruntur
1240 1579 1273 1635 et

116 1671 193 1756 ipsae
208 1669 362 1755 quomodo
377 1669 470 1733 diotae
484 1667 559 1743 sint,
575 1666 655 1732 male
669 1667 710 1732 ad
727 1689 800 1733 eum
814 1667 868 1753 qui
882 1669 1067 1735 adinventus
1081 1679 1130 1735 est
1141 1672 1182 1735 ab
1196 1670 1274 1757 ipsis

117 1772 384 1859 transfigurantes,
399 1770 495 1836 alium
510 1792 592 1835 nunc
613 1770 754 1857 quiante
769 1792 928 1857 uunquam
943 1773 1093 1857 quaesitus
1112 1783 1161 1839 est
1179 1796 1274 1861 gene·

118 1884 199 1954 rant,
225 1874 425 1940 manifestum
453 1882 513 1940 ost.
563 1875 628 1939 Per
655 1874 715 1938 hoc
744 1874 829 1939 enim
858 1876 941 1961 quod
966 1876 1062 1941 velint
1091 1878 1274 1965 ¹ambiguas

117 1979 276 2044 exsolvere
311 1978 488 2062 Scripturas
518 1976 698 2065 (ambiguas
728 1986 835 2043 autem
864 2000 927 2043 non
956 1980 1043 2065 quasi
1070 1980 1111 2044 ad
1140 1981 1274 2047 alterum

118 2080 232 2158 Deum,
247 2079 303 2145 sed
318 2080 406 2167 quasi
425 2080 466 2144 ad
481 2079 700 2165 dispositiones
714 2080 803 2162 Dei)
819 2081 952 2145 altemm
967 2082 1072 2148 Deum
1086 2084 1274 2151 ²fabriccve·

34 2236 39 2246 .
90 2234 94 2244 .
117 2194 204 2261 runt;
228 2183 487 2272 quemadmodum
508 2181 718 2267 praediximus,
742 2182 782 2247 tle
802 2205 898 2248 arena
918 2186 1082 2251 resticulas
1102 2196 1273 2265 nectentes,

118 2300 151 2355 et
165 2286 329 2377 quaestioni
352 2284 462 2350 minori
481 2284 686 2372 quaestionem
709 2287 859 2371 majorem
881 2288 1119 2375 adgenerantes.
1163 2292 1275 2357 Omnis

118 2402 223 2459 autem
245 2388 377 2479 quaestio
391 2412 453 2455 uon
468 2411 524 2475 per
536 2389 621 2454 aliud
636 2389 719 2475 quod
734 2391 884 2475 quaeritur
898 2393 1026 2458 babebit
1042 2396 1273 2474 resolutionem,

117 2518 176 2561 nec
200 2492 389 2581 ambiguitas
411 2492 583 2577 paraliam
604 2492 843 2579 ambiguitatem
868 2494 1006 2559 solvetur
1030 2497 1114 2581 apud
1141 2518 1196 2563 eos
1221 2499 1274 2586 qui

118 2620 242 2664 sensum
266 2598 392 2672 habent,
414 2604 470 2659 aut
490 2595 659 2680 aenigmata
680 2616 736 2679 per
756 2595 841 2659 aliud
863 2596 963 2681 majus
985 2599 1136 2685 aeuigmm
1161 2602 1217 2665 sed
1236 2624 1276 2666 ca

117 2722 189 2788 quae
203 2706 277 2764 sunt
291 2696 367 2761 talia
381 2718 421 2761 ex
435 2695 608 2761 manifestis
629 2704 662 2761 et
683 2698 928 2763 consonantibus
949 2708 983 2764 ct
1003 2700 1097 2765 claris
1117 2702 1275 2789 accipiunt

118 2804 340 2870 absolutiones.

184 2912 214 2973 2.
263 2906 307 2971 l·li
331 2913 437 2971 autem
462 2910 639 2991 quaerentes
661 2905 821 2971 exsolvere
844 2905 1023 2992 Scripturas
1045 2914 1079 2973 et
1100 2909 1273 2994 parabolas,

119 3012 248 3078 alteram
270 3011 420 3097 majorem
443 3018 477 3073 et
499 3008 626 3093 impiam
652 3009 858 3095 quaestionem
883 3010 1095 3090 introducunt,
1120 3012 1275 3100 siquidem

117 3136 212 3201 super
226 3113 333 3179 mundi
354 3110 571 3176 fabricatorem
590 3110 690 3175 Deum
709 3110 789 3175 alius
807 3110 851 3176 sit
874 3110 973 3188 Deus,
997 3134 1059 3178 non
1079 3113 1275 3180 exsolventes

119 3216 317 3303 quaestiones,
335 3214 433 3299 (unde
453 3213 536 3279 enim
546 3214 572 3298 l)
590 3213 648 3279 sed
662 3212 773 3277 minori
788 3213 954 3299 quaestioni
967 3236 1114 3303 magnam
1128 3218 1275 3303 quaestio·

118 3342 191 3386 nem
216 3326 427 3397 annectentes,
449 3328 483 3382 et
507 3318 623 3382 nodum
649 3316 845 3382 insolubilem
871 3318 1055 3384 inserentes.
1097 3318 1169 3384 ³Ut
1191 3320 1275 3386 enim

119 3424 221 3491 sciant
240 3423 299 3489 hoc
320 3423 422 3509 ipsum
441 3420 531 3499 scire,
555 3422 638 3507 quod
664 3419 772 3507 utique
791 3418 922 3506 triginta
943 3442 1096 3486 anuomm
1120 3421 1276 3489 Dominus

119 3526 204 3591 venit
225 3525 267 3591 ad
288 3523 476 3610 baptismum
502 3522 653 3600 veritatis,
675 3522 735 3587 boc
763 3544 826 3586 non
848 3522 1014 3600 ducentes,
1038 3521 1141 3608 ipsum
1170 3524 1276 3591 Deum

18 3648 48 3689 u.
60 3648 100 3689 m.
119 3628 345 3705 fabricatorem,
361 3626 413 3713 qni
428 3624 513 3690 misit
530 3646 602 3689 eum
615 3623 657 3689 cd
670 3624 804 3689 salutem
826 3623 997 3703 bominum,
1021 3624 1115 3711 impie
1136 3636 1276 3692 contem-

120 3737 213 3794 nuntr
244 3736 278 3792 et
302 3736 339 3793 ut
361 3734 511 3813 putentur
535 3746 627 3813 posse
648 3747 793 3791 enarrem
818 3726 902 3791 unde
922 3728 1101 3793 substantia
1124 3730 1274 3810 materiae,

168 3892 178 3925 ¹
197 3894 221 3942 cl
240 3894 336 3955 γραφαὶ
355 3891 430 3941 αὐτοῦ
444 3891 553 3952 μεγάλαι
574 3892 617 3950 μὲν
632 3892 672 3939 rol
721 3890 825 3940 (lusca.

120 3975 305 4037 πεπληρωμένα
319 3973 442 4033 conpara»
458 3972 518 4021 elolr
534 3972 673 4034 ἀποῤῥὴτων
770 3970 850 4021 ’Aa
864 3971 1065 4034 praedicaverunt.

120 4058 160 4105 rol
168 4058 290 4115 μυστικῶν
298 4055 338 4104 καὶ
347 4054 524 4115 δυσθεωρήτων·
542 4054 637 4115 σφόδρα
646 4054 672 4102 δὲ
770 4052 893 4101 ’Gubul
912 4069 1030 4118 proposes
1048 4054 1176 4113 remmam
1200 4056 1276 4107 Mus·

120 4140 161 4187 rol
179 4137 334 4198 δυσδιὴγητοί
353 4137 406 4195 εἱσι,
427 4136 467 4183 rol
485 4134 561 4183 αἰτίαι
578 4136 673 4182 δοκοῦσι
722 4134 900 4198 sunobjoots,
913 4136 961 4184 Sed
969 4136 1087 4198 frustm
1102 4146 1232 4200 mad,
1246 4146 1277 4189 ut

119 4223 164 4269 τοῦ
173 4220 380 4271 τὰιάπιιιδεὺτονς
388 4218 528 4267 πλανᾶσθαι
539 4217 586 4265 τῶν
597 4217 673 4277 trepo-
722 4216 788 4265 enirn
810 4217 891 4265 sciant
909 4233 936 4266 se
957 4218 1006 4267 hoc
1026 4218 1108 4282 ipsum
1130 4221 1208 4283 scirs5
1230 4222 1277 4271 but

120 4304 193 4363 δόξων
221 4303 309 4365 ψυχὰς,
340 4298 522 4361 ἀπερισκέπτως
549 4298 590 4345 rol
609 4296 674 4357 μετὰ
722 4297 1108 4362 thbemreclymendamatteu.
1134 4300 1277 4352 'l'heGreek

120 4384 264 4447 προπετείας
286 4381 483 4443 κατηγορούντων
504 4379 548 4426 τοῦ
569 4378 631 4427 Θεοῦ
648 4379 674 4437 ἐξ
722 4380 796 4443 again
812 4380 944 4429 extum
960 4396 991 4430 ua
999 4398 1007 4442 3
1025 4380 1063 4429 ἵνα
1079 4384 1129 4445 γὰρ
1143 4384 1220 4443 γνῶσι
1238 4386 1277 4432 at·

119 4465 153 4516 clv
180 4468 208 4516 ot
234 4466 314 4515 νοοῦσι
336 4464 445 4527 γραφῶν,
472 4462 511 4509 rol
538 4462 577 4511 at
601 4462 674 4509 τοῦτο
722 4463 929 4524 τδγτὴεγεῶσιν,
943 4462 1047 4526 (ὅτιμὲν
1061 4464 1081 4513 λ’
1094 4466 1277 4517 ετιῖιε...τοΐττο

119 4548 286 4597 ἐκπιπτόντων
320 4546 361 4597 ἐπὶ
400 4544 559 4603 &subacuta
597 4544 674 4593 ἀλλον
723 4546 750 4595 ού
760 4544 886 4607 μαθόντες)
898 4546 972 4594 αὐτοῦ
982 4547 1026 4595 roll
1037 4546 1163 4597 artemon
1174 4547 1274 4601 oeae...

119 4630 188 4679 Θεοῦ.
221 4628 298 4679 Ome.
318 4628 346 4678 εἰι
364 4626 406 4677 Ρι.
425 4625 460 4677 xl.
479 4640 507 4675 ει
529 4624 621 4691 quoted
640 4626 674 4689 by
723 4626 817 4690 ἀσεβῶς
833 4629 1017 4691 καταφρονοῦσι.
