3225 5184
343 353 589 422 counrmoms
616 368 839 422 uuarmnnx
866 367 1088 421 nanuomn.
1221 351 1288 416 343

129 539 232 606 neque
257 518 296 584 de
322 519 393 584 Deo
419 519 649 606 inquisitionem
675 541 715 586 ex
740 521 887 600 numeris,
913 530 946 587 et
970 521 1106 608 syllabis,
1133 529 1167 586 et
1188 519 1288 586 literis
1322 533 1429 619 &fv-pell

129 620 282 705 accipere.
327 620 491 686 Inflrmum
505 629 555 686 est
572 621 654 708 enim
671 621 730 688 hoo
750 627 892 708 ¹propter
905 623 1107 689 multifarium
1121 632 1154 688 et
1168 621 1287 687 vadum
1307 625 1454 712 ‘lfflg’fffl-

129 743 248 800 eorum,
279 731 310 788 et
344 723 427 809 quod
453 724 552 809 possit
579 745 672 790 omne
704 734 923 811 argumentum
958 725 1051 792 hodie
1082 746 1171 812 saque
1203 746 1287 789 com·
1304 719 1449 802 ΣΕ,

130 833 304 892 mentatum
319 826 487 914 abaliquo,
502 828 657 894 contrusis
670 828 793 894 veritati
808 850 847 894 ex
866 828 943 914 ipsis
960 850 1083 895 sumere
1098 827 1286 904 testimonia,

129 950 168 992 eo
190 929 273 1015 quod
299 929 332 994 in
353 929 453 996 multa
474 931 632 996 transferri
655 932 793 1016 possint;
822 934 879 997 sed
904 931 989 1019 ipsos
1017 952 1171 1009 numeros,
1195 938 1228 996 et
1249 950 1288 994 ea

129 1051 201 1116 quae
234 1031 318 1096 iacta
346 1041 420 1097 sunt
446 1041 554 1118 aptare
580 1033 696 1098 debent
724 1033 898 1119 subjacenti
926 1034 1066 1100 veritatis
1092 1041 1287 1121 argumento.

131 1132 205 1198 Non
224 1135 309 1200 enim
329 1135 438 1222 regula
456 1157 497 1201 ex
518 1135 666 1214 numeris,
684 1136 741 1200 sed
762 1137 883 1201 numeri
904 1158 945 1202 ex
964 1137 1090 1224 regola:
1117 1158 1176 1202 nec
1198 1136 1287 1201 Deus

130 1257 172 1298 ex
193 1236 295 1313 fectis,
317 1238 374 1303 sed
397 1259 436 1302 ea
456 1258 526 1324 quae
547 1238 631 1302 facta
650 1245 734 1316 sunt,
752 1260 793 1304 ex
808 1238 889 1305 Deo.
924 1239 1039 1305 Omnia
1059 1238 1143 1304 enim
1162 1261 1203 1304 ex
1223 1261 1287 1304 uno

130 1347 164 1404 et
179 1340 288 1404 eodem
304 1340 384 1408 Deo.

198 1446 228 1508 2.
275 1443 357 1524 Quia
379 1449 486 1509 autem
508 1443 594 1509 varia
616 1451 649 1508 et
671 1445 770 1510 multa
790 1452 866 1509 sunt
887 1444 1061 1531 quaefacta
1080 1452 1167 1520 sunt,
1190 1444 1286 1510 etad

130 1566 255 1610 omnem
270 1545 395 1632 quidem
417 1547 569 1612 iacturam
583 1549 678 1612 ²hene
696 1553 815 1632 aptata,
837 1555 871 1612 et
891 1547 1111 1611 consonantia:
1135 1554 1286 1633 quantum

131 1655 237 1712 autem
252 1655 375 1733 spectat
389 1648 429 1712 ad
443 1649 685 1736 unumquodque
695 1671 814 1728 eorum,
826 1657 901 1714 sunt
911 1649 971 1714 sibi
986 1649 1116 1715 invicem
1131 1648 1287 1716 contraria

130 1757 163 1814 et
179 1772 242 1815 non
256 1751 489 1816 convenientia:
513 1751 594 1816 sicut
616 1751 745 1816 citharae
767 1772 863 1815 sonus
877 1773 933 1836 per
949 1750 1192 1837 uniuscujusque
1205 1751 1287 1814 ³dis-

130 1853 263 1917 tantiam
278 1862 502 1919 consonantem
516 1875 609 1919 unam
625 1853 790 1919 melodiam
805 1863 962 1939 operatur,
975 1876 1015 1919 ex
1029 1853 1136 1917 multis
1157 1861 1190 1918 et
1213 1875 1287 1918 con·

130 1955 236 2020 trariis
259 1956 345 2021 sonis
368 1956 570 2022 ‘subsistens
615 1955 719 2020 Debet
743 1977 819 2042 ergo
841 1963 963 2020 amator
987 1955 1051 2020 veri
1077 1977 1140 2020 non
1165 1953 1286 2019 traduci

130 2059 280 2124 distantia
309 2057 551 2146 uniuscujusque
580 2059 660 2136 soni,
690 2081 748 2124 neo
777 2059 873 2123 alium
902 2059 1028 2145 quidem
1057 2059 1160 2145 hujus,
1191 2058 1286 2122 alium

129 2168 237 2226 eutem
257 2161 339 2226 illius
359 2161 511 2227 artificem
533 2160 682 2247 suspicari
697 2169 730 2226 et
744 2162 912 2226 factorem:
934 2183 1036 2249 neque
1051 2161 1146 2225 alium
1160 2159 1287 2247 quidem

129 2263 310 2342 ⁶acutiores,
328 2264 424 2330 alium
438 2273 543 2330 autem
559 2265 718 2342 vastiores,
741 2264 837 2329 alium
851 2286 924 2330 vero
945 2265 1129 2330 medietates
1145 2271 1282 2348 aptasse:

130 2367 185 2432 sed
203 2389 298 2430 uuum
321 2375 355 2432 et
375 2367 488 2453 ipsum,
510 2367 551 2430 ad
574 2367 672 2432 totius
692 2367 794 2452 operis
815 2374 849 2431 et
870 2366 1031 2452 sapientiae
1046 2366 1286 2432 demonstratio·

130 2489 213 2544 nem,
228 2475 261 2532 et
278 2468 420 2552 justitiae,
439 2477 472 2533 et
491 2469 650 2546 bonitatis,
669 2477 702 2532 et
724 2468 872 2532 muneris.
917 2467 964 2530 Hi
985 2489 1058 2532 vero
1080 2467 1134 2553 qui
1155 2467 1286 2530 audiunt

131 2567 307 2646 melodiam,
337 2568 452 2634 debent
481 2568 607 2633 laudare
640 2576 672 2633 et
698 2569 872 2656 glorificare
904 2569 1066 2648 artificem,
1097 2577 1130 2634 et
1154 2569 1286 2633 aliomm

131 2670 256 2757 quidem
270 2670 484 2735 extensionem
498 2669 613 2748 mirari,
629 2670 760 2735 aliorum
774 2679 881 2734 autem
890 2669 1102 2735 laxamentum
1114 2669 1284 2747 intendere,

130 2773 260 2837 aliorum
283 2793 355 2837 vero
377 2771 459 2837 inter
481 2780 648 2860 utmmque
669 2779 951 2859 temperamentum
975 2773 1133 2851 exaudire,
1155 2772 1286 2836 aliomm

130 2883 235 2940 autem
258 2882 367 2960 typum
391 2873 597 2953 considerare,
621 2883 654 2940 et
675 2874 716 2940 ad
738 2875 815 2962 quid
834 2875 1076 2962 unumquodque
1099 2875 1223 2953 referat,
1253 2883 1286 2940 et

131 3005 237 3048 eorum
259 3003 386 3048 causam
405 2981 568 3069 inquirere,
590 2983 758 3070 ‘nusquam
779 2983 1001 3048 transferentes
1015 2981 1164 3070 regulam,
1186 3004 1287 3070 neque

130 3095 271 3152 errantes
292 3086 333 3151 ab
354 3086 484 3165 artilice,
508 3108 610 3173 neque
630 3087 816 3174 aincientes
842 3087 935 3152 tidem
961 3107 1031 3172 quae
1057 3095 1107 3151 est
1131 3087 1163 3150 in
1189 3109 1286 3150 unum

132 3188 235 3255 Deum
250 3188 303 3276 qui
316 3187 390 3254 iecit
404 3187 518 3267 omnia,
533 3210 632 3276 neque
647 3189 902 3274 blasphemantes
915 3197 1058 3254 nostmm
1073 3189 1284 3255 Conditorem.

181 3419 190 3452 ¹
205 3427 304 3482 propter
326 3418 567 3482 multifarium...ab
590 3419 680 3482 oliprw,
730 3420 783 3470 lute
797 3421 886 3469 should
903 3420 934 3468 be
951 3420 1004 3468 said
1019 3425 1046 3468 to
1057 3420 1151 3468 consist
1162 3437 1189 3468 eu
1203 3421 1287 3470 mechois

131 3503 174 3552 Gr.
196 3504 235 3551 διὰ
252 3504 280 3550 τὸ
297 3503 404 3550 ποικίλαν
421 3503 461 3550 καὶ
478 3503 576 3548 ἀλλοῖον
595 3503 680 3560 αὐτῶν,
731 3510 751 3551 ct
770 3501 902 3551 contrariis
919 3501 992 3549 conis.
1032 3501 1086 3549 The
1104 3501 1204 3550 canunt.
1225 3503 1283 3552 MS.

131 3585 171 3633 nul
182 3585 238 3644 ἔχον
253 3585 336 3632 πᾶσαν
353 3584 472 3642 ὑπόθεσιν,
488 3584 591 3644 σήμερον
607 3585 683 3632 αὕτως
732 3582 802 3632 reads
819 3582 972 3641 momentu,
987 3583 1037 3630 this
1051 3598 1110 3646 may
1125 3583 1188 3631 have
1204 3585 1284 3632 amaea

131 3653 325 3728 αννεψευσρέννρν
338 3665 385 3714 ὑπό
401 3681 470 3714 τινος.
507 3664 528 3711 F
530 3681 558 3712 or
568 3679 682 3712 cocunea·
731 3665 794 3712 from
801 3664 967 3722 nmmum,
982 3663 1102 3727 applying
1113 3665 1282 3714 tomelods'um.

131 3755 206 3796 totum
219 3747 326 3795 1w0u1d
339 3745 638 3810 proposacommeuta'tum.
731 3746 784 3793 The
795 3745 921 3808 following
937 3761 1015 3794 seems
1029 3746 1071 3793 the
1086 3747 1187 3794 natural
1200 3763 1248 3794 run
1260 3747 1289 3794 os

176 3828 188 3862 ¹
200 3829 336 3892 εὐάρμοστα
344 3829 385 3878 καὶ
396 3831 520 3888 σύμφωνα,
532 3827 684 3875 Massurtu's
731 3829 773 3876 the
785 3828 880 3877 Greek:
899 3829 929 3876 dm
940 3828 954 3877 d
964 3829 1007 3886 rin
1022 3830 1095 3889 λύρας
1111 3826 1179 3888 ἦχον,
1193 3831 1233 3877 dul
1243 3831 1287 3876 τοῦ

131 3911 233 3974 reading
249 3911 313 3958 from
330 3911 373 3958 the
390 3909 435 3959 01..
454 3910 510 3958 MS.
523 3916 544 3958 et
558 3910 615 3958 tm
631 3925 683 3958 coo·
732 3909 836 3956 lsdoreu
848 3909 1011 3966 διαστήματος
1028 3910 1053 3954 ἓν
1071 3910 1199 3969 adamar
1213 3911 1286 3966 μέλας

130 3993 250 4052 mutio,
264 3993 337 4042 could
350 3992 457 4055 scarcely
469 3992 500 4040 be
513 3990 643 4054 expressed
658 3991 683 4038 in
733 3991 904 4050 ἀπεργάζεται,
930 3990 956 4036 lc
984 3990 1083 4036 πολλῶν
1110 3991 1150 4038 sal
1177 3991 1287 4038 ἐναντίων

131 4077 173 4124 the
184 4075 266 4124 Greek
277 4075 339 4124 with
349 4091 399 4138 any
411 4075 499 4136 degree
510 4073 539 4121 oi
546 4073 649 4135 lacility.
733 4072 817 4130 φανῶν
828 4071 944 4130 ὕπαρχον.

179 4155 190 4187 ⁸
206 4157 259 4204 'ibe
270 4155 370 4204 Consu.
387 4155 444 4204 MS.
461 4153 603 4217 effectually
618 4169 685 4202 mars
781 4147 792 4178 ⁵
810 4147 886 4196 maor
896 4147 941 4205 th?v
951 4147 1082 4207 linl’Wh
1096 4145 1175 4194 mm
1186 4147 1212 4194 Μ
1224 4147 1285 4208 fido·

131 4239 173 4288 the
183 4254 253 4287 aenae
264 4239 290 4286 in
302 4237 404 4300 reading
411 4235 576 4285 memmium.
733 4247 812 4288 αανας,
826 4231 902 4278 ἄλλον
913 4229 939 4277 dl
950 4231 994 4278 τὰς
1004 4230 1142 4286 μεσότητας
1154 4229 1264 4289 ἁρμόσαι

178 4316 259 4364 ⁴The
276 4315 339 4364 Edd.
361 4331 434 4378 agree
454 4315 479 4362 ln
502 4314 552 4361 this
570 4311 681 4374 reading,
782 4311 793 4342 ⁶
818 4311 871 4360 'l'hs
890 4311 991 4360 Cannu.
1016 4310 1074 4360 MS.
1098 4312 1143 4360 has
1165 4317 1288 4366 murum,-

131 4397 250 4460 relerring
260 4397 303 4444 the
314 4395 382 4444 word
393 4393 519 4444 abcidens
530 4393 606 4442 tothe
617 4392 685 4440 word
733 4395 776 4442 the
793 4394 878 4442 Greek
894 4409 954 4456 may
966 4394 1028 4441 have
1044 4393 1095 4441 had
1110 4395 1156 4451 τὴν
1172 4394 1290 4454 ἡμιτέραν

131 4494 208 4528 soum.
245 4478 297 4526 But
307 4478 328 4526 it
338 4493 417 4526 seems
428 4477 492 4524 little
504 4475 580 4538 likely
591 4475 648 4522 that
659 4474 685 4522 in
735 4477 914 4537 παραφέροντες
926 4475 1020 4534 κανόνα,
1034 4474 1162 4536 opplyiny,
1175 4475 1218 4522 the
1229 4473 1289 4522 verb

132 4561 229 4610 ancient
246 4560 325 4608 music
343 4560 386 4608 the
400 4559 489 4624 simple
503 4559 583 4608 sound
601 4559 630 4607 ol
644 4559 686 4607 the
735 4557 867 4620 transferre
878 4556 929 4605 also
941 4557 1035 4619 having
1046 4556 1096 4604 this
1107 4555 1281 4619 signification.

1075 4645 1188 4707 22-a
