<?xml version="1.0" encoding="UTF-8"?>
<!DOCTYPE html PUBLIC "-//W3C//DTD XHTML 1.0 Transitional//EN"
    "http://www.w3.org/TR/xhtml1/DTD/xhtml1-transitional.dtd">
<html xmlns="http://www.w3.org/1999/xhtml" xml:lang="en" lang="en">
 <head>
  <title>
</title>
<meta http-equiv="Content-Type" content="text/html;charset=utf-8" />
  <meta name='ocr-system' content='tesseract 3.04.00' />
  <meta name='ocr-capabilities' content='ocr_page ocr_carea ocr_par ocr_line ocrx_word'/>
</head>
<body>
  <div class='ocr_page' id='page_1' title='image "./sanctiirenilibr01irengoog_0250.png"; bbox 0 0 3225 5184; ppageno 0'>
   <div class='ocr_carea' id='block_1_1' title="bbox 308 403 1123 474">
    <p class='ocr_par' dir='ltr' id='par_1_1' title="bbox 308 403 1123 474">
     <span class='ocr_line' id='line_1_1' title="bbox 308 403 1123 474; baseline -0.006 0"><span class='ocrx_word' id='word_1_1' title='bbox 308 403 357 474; x_wconf 82' lang='lat'>52</span> <span class='ocrx_word' id='word_1_2' title='bbox 643 418 878 471; x_wconf 72' lang='lat' dir='ltr'>clareamus.</span> <span class='ocrx_word' id='word_1_3' title='bbox 935 419 1123 470; x_wconf 72' lang='lat' dir='ltr'>aurnuns.</span> 
     </span>
    </p>
   </div>
   <div class='ocr_carea' id='block_1_2' title="bbox 144 575 1465 789">
    <p class='ocr_par' dir='ltr' id='par_1_2' title="bbox 144 575 1465 789">
     <span class='ocr_line' id='line_1_2' title="bbox 150 575 1463 698; baseline -0.005 -47"><span class='ocrx_word' id='word_1_4' title='bbox 150 613 203 698; x_wconf 56' lang='lat' dir='ltr'>15er</span> <span class='ocrx_word' id='word_1_5' title='bbox 207 613 228 698; x_wconf 72' lang='lat' dir='ltr'>p</span> <span class='ocrx_word' id='word_1_6' title='bbox 233 613 250 698; x_wconf 70' lang='lat' dir='ltr'>p</span> <span class='ocrx_word' id='word_1_7' title='bbox 257 614 288 698; x_wconf 65' lang='grc' dir='ltr'>χ</span> <span class='ocrx_word' id='word_1_8' title='bbox 308 581 362 651; x_wconf 78' lang='lat' dir='ltr'>xci</span> <span class='ocrx_word' id='word_1_9' title='bbox 379 584 500 663; x_wconf 78' lang='grc' dir='ltr'>ὑλικοῦ,</span> <span class='ocrx_word' id='word_1_10' title='bbox 515 580 633 650; x_wconf 65' lang='grc' dir='ltr'>ἐ’κεῖσι</span> <span class='ocrx_word' id='word_1_11' title='bbox 651 589 777 679; x_wconf 80' lang='grc' dir='ltr'>χωρεῖν,</span> <span class='ocrx_word' id='word_1_12' title='bbox 796 579 881 651; x_wconf 82' lang='grc' dir='ltr'>ὅπου</span> <span class='ocrx_word' id='word_1_13' title='bbox 899 575 940 649; x_wconf 71' lang='grc' dir='ltr'>δν</span> <span class='ocrx_word' id='word_1_14' title='bbox 953 578 1007 648; x_wconf 76' lang='grc' dir='ltr'>καὶ</span> <span class='ocrx_word' id='word_1_15' title='bbox 1027 579 1087 660; x_wconf 71' lang='grc' dir='ltr'>τὴν</span> <span class='ocrx_word' id='word_1_16' title='bbox 1104 577 1308 675; x_wconf 82' lang='grc' dir='ltr'>πρόσκλισιν</span> <span class='ocrx_word' id='word_1_17' title='bbox 1325 578 1463 656; x_wconf 74' lang='grc' dir='ltr'>ποιήση-</span> 
     </span>
     <span class='ocr_line' id='line_1_3' title="bbox 144 684 1465 789; baseline -0.008 -24"><span class='ocrx_word' id='word_1_18' title='bbox 144 687 294 746; x_wconf 71' lang='lat' dir='ltr'>¹¹⁴⁵⁸·¹·&#39;¹·l·</span> <span class='ocrx_word' id='word_1_19' title='bbox 309 723 376 764; x_wconf 86' lang='grc' dir='ltr'>ται·</span> <span class='ocrx_word' id='word_1_20' title='bbox 405 693 448 764; x_wconf 83' lang='grc' dir='ltr'>τὸ</span> <span class='ocrx_word' id='word_1_21' title='bbox 469 689 504 762; x_wconf 71' lang='grc' dir='ltr'>δὲ</span> <span class='ocrx_word' id='word_1_22' title='bbox 522 690 739 776; x_wconf 79' lang='grc' dir='ltr'>πνευματικὸν</span> <span class='ocrx_word' id='word_1_23' title='bbox 758 691 1002 789; x_wconf 80' lang='grc' dir='ltr'>ι’κπεπέμφθαι,</span> <span class='ocrx_word' id='word_1_24' title='bbox 1022 691 1110 765; x_wconf 77' lang='grc' dir='ltr'>ὅπως</span> <span class='ocrx_word' id='word_1_25' title='bbox 1127 684 1239 758; x_wconf 77' lang='grc' dir='ltr'>ἐνθάδε</span> <span class='ocrx_word' id='word_1_26' title='bbox 1257 693 1311 776; x_wconf 73' lang='grc' dir='ltr'>τῷ</span> <span class='ocrx_word' id='word_1_27' title='bbox 1324 686 1465 783; x_wconf 84' lang='grc' dir='ltr'>ψυχικᾷ</span> 
     </span>
    </p>
   </div>
   <div class='ocr_carea' id='block_1_3' title="bbox 149 781 1463 1234">
    <p class='ocr_par' dir='ltr' id='par_1_3' title="bbox 149 781 1463 1234">
     <span class='ocr_line' id='line_1_4' title="bbox 149 781 1461 906; baseline -0.007 -30"><span class='ocrx_word' id='word_1_28' title='bbox 149 781 295 792; x_wconf 63' lang='grc'><strong>-</strong></span> <span class='ocrx_word' id='word_1_29' title='bbox 309 801 450 906; x_wconf 77' lang='grc' dir='ltr'>συζυγέν</span> <span class='ocrx_word' id='word_1_30' title='bbox 467 807 643 903; x_wconf 72' lang='grc' dir='ltr'>μορφωθῇ,</span> <span class='ocrx_word' id='word_1_31' title='bbox 665 800 904 888; x_wconf 77' lang='grc' dir='ltr'>συμπαιδευθέν</span> <span class='ocrx_word' id='word_1_32' title='bbox 921 803 1014 891; x_wconf 72' lang='grc' dir='ltr'>αὐτῷ</span> <span class='ocrx_word' id='word_1_33' title='bbox 1029 802 1063 871; x_wconf 89' lang='grc' dir='ltr'>ε’ν</span> <span class='ocrx_word' id='word_1_34' title='bbox 1081 806 1129 894; x_wconf 71' lang='grc' dir='ltr'>τῇ</span> <span class='ocrx_word' id='word_1_35' title='bbox 1144 801 1359 898; x_wconf 74' lang='grc' dir='ltr'>ἀναστροφῇ.</span> <span class='ocrx_word' id='word_1_36' title='bbox 1390 796 1461 868; x_wconf 76' lang='lat' dir='ltr'>Kal</span> 
     </span>
     <span class='ocr_line' id='line_1_5' title="bbox 308 908 1459 1012; baseline -0.006 -24"><span class='ocrx_word' id='word_1_37' title='bbox 308 918 404 988; x_wconf 78' lang='grc' dir='ltr'>τοῦτ’</span> <span class='ocrx_word' id='word_1_38' title='bbox 429 915 507 987; x_wconf 78' lang='grc' dir='ltr'>εἶναι</span> <span class='ocrx_word' id='word_1_39' title='bbox 533 917 673 1008; x_wconf 78' lang='grc' dir='ltr'>λέγουσι</span> <span class='ocrx_word' id='word_1_40' title='bbox 700 915 744 987; x_wconf 89' lang='grc' dir='ltr'>τδ</span> <span class='ocrx_word' id='word_1_41' title='bbox 769 911 863 999; x_wconf 75' lang='grc' dir='ltr'>ἅλας,</span> <span class='ocrx_word' id='word_1_42' title='bbox 889 914 943 985; x_wconf 76' lang='grc' dir='ltr'>καὶ</span> <span class='ocrx_word' id='word_1_43' title='bbox 969 912 1012 985; x_wconf 81' lang='grc' dir='ltr'>τὸ</span> <span class='ocrx_word' id='word_1_44' title='bbox 1042 918 1112 1012; x_wconf 79' lang='grc' dir='ltr'>φῶς</span> <span class='ocrx_word' id='word_1_45' title='bbox 1137 917 1202 984; x_wconf 78' lang='grc' dir='ltr'>τοῦ</span> <span class='ocrx_word' id='word_1_46' title='bbox 1225 913 1363 994; x_wconf 87' lang='grc' dir='ltr'>κόσμου·</span> <span class='ocrx_word' id='word_1_47' title='bbox 1397 908 1459 982; x_wconf 80' lang='grc' dir='ltr'>ἔδει</span> 
     </span>
     <span class='ocr_line' id='line_1_6' title="bbox 310 1019 1463 1135; baseline -0.007 -35"><span class='ocrx_word' id='word_1_48' title='bbox 310 1027 379 1127; x_wconf 74' lang='grc' dir='ltr'>’γὰρ</span> <span class='ocrx_word' id='word_1_49' title='bbox 398 1033 482 1100; x_wconf 66' lang='grc' dir='ltr'>’τῶν</span> <span class='ocrx_word' id='word_1_50' title='bbox 500 1027 653 1125; x_wconf 76' lang='grc' dir='ltr'>ψυχικῶν</span> <span class='ocrx_word' id='word_1_51' title='bbox 675 1024 745 1135; x_wconf 78' lang='grc' dir='ltr'>[τῷ</span> <span class='ocrx_word' id='word_1_52' title='bbox 768 1021 926 1131; x_wconf 74' lang='grc' dir='ltr'>ψυχικῷ]</span> <span class='ocrx_word' id='word_1_53' title='bbox 949 1026 1001 1096; x_wconf 75' lang='grc' dir='ltr'>καὶ</span> <span class='ocrx_word' id='word_1_54' title='bbox 1032 1029 1199 1107; x_wconf 76' lang='grc' dir='ltr'>αἰσθητῶν</span> <span class='ocrx_word' id='word_1_55' title='bbox 1221 1019 1463 1105; x_wconf 72' lang='grc' dir='ltr'>παιδευμάτων.</span> 
     </span>
     <span class='ocr_line' id='line_1_7' title="bbox 309 1132 1461 1234; baseline -0.007 -23"><span class='ocrx_word' id='word_1_56' title='bbox 309 1143 365 1211; x_wconf 89' lang='grc' dir='ltr'>Δι’</span> <span class='ocrx_word' id='word_1_57' title='bbox 384 1143 426 1213; x_wconf 70' lang='grc' dir='ltr'>ὢν</span> <span class='ocrx_word' id='word_1_58' title='bbox 442 1140 496 1211; x_wconf 74' lang='grc' dir='ltr'>καὶ</span> <span class='ocrx_word' id='word_1_59' title='bbox 513 1142 641 1224; x_wconf 82' lang='grc' dir='ltr'>κόσμον</span> <span class='ocrx_word' id='word_1_60' title='bbox 657 1137 919 1211; x_wconf 75' lang='grc' dir='ltr'>κατεσκευάσθαι</span> <span class='ocrx_word' id='word_1_61' title='bbox 939 1139 1089 1230; x_wconf 77' lang='grc' dir='ltr'>λέγουσι,</span> <span class='ocrx_word' id='word_1_62' title='bbox 1109 1139 1163 1209; x_wconf 74' lang='grc' dir='ltr'>καὶ</span> <span class='ocrx_word' id='word_1_63' title='bbox 1181 1135 1242 1208; x_wconf 81' lang='grc' dir='ltr'>τὸν</span> <span class='ocrx_word' id='word_1_64' title='bbox 1260 1137 1404 1234; x_wconf 74' lang='grc' dir='ltr'>Σωτῆρα</span> <span class='ocrx_word' id='word_1_65' title='bbox 1426 1132 1461 1204; x_wconf 71' lang='grc' dir='ltr'>δὲ</span> 
     </span>
    </p>
   </div>
   <div class='ocr_carea' id='block_1_4' title="bbox 307 1245 1462 1687">
    <p class='ocr_par' dir='ltr' id='par_1_4' title="bbox 307 1245 1462 1687">
     <span class='ocr_line' id='line_1_8' title="bbox 309 1245 1462 1352; baseline -0.005 -29"><span class='ocrx_word' id='word_1_66' title='bbox 309 1253 364 1323; x_wconf 75' lang='grc' dir='ltr'>ε’πὶ</span> <span class='ocrx_word' id='word_1_67' title='bbox 391 1259 495 1325; x_wconf 77' lang='grc' dir='ltr'>τοῦτο</span> <span class='ocrx_word' id='word_1_68' title='bbox 526 1253 792 1352; x_wconf 74' lang='grc' dir='ltr'>παραγεγονέναι</span> <span class='ocrx_word' id='word_1_69' title='bbox 819 1249 863 1323; x_wconf 85' lang='grc' dir='ltr'>τδ</span> <span class='ocrx_word' id='word_1_70' title='bbox 890 1248 1047 1346; x_wconf 81' lang='grc' dir='ltr'>ψυχικὸν,</span> <span class='ocrx_word' id='word_1_71' title='bbox 1073 1249 1143 1321; x_wconf 71' lang='grc' dir='ltr'>ἐπεὶ</span> <span class='ocrx_word' id='word_1_72' title='bbox 1171 1250 1224 1320; x_wconf 78' lang='grc' dir='ltr'>καὶ</span> <span class='ocrx_word' id='word_1_73' title='bbox 1248 1245 1462 1342; x_wconf 73' lang='grc' dir='ltr'>αι’ντεξούσιόν</span> 
     </span>
     <span class='ocr_line' id='line_1_9' title="bbox 309 1356 1461 1463; baseline -0.006 -27"><span class='ocrx_word' id='word_1_74' title='bbox 309 1367 411 1450; x_wconf 77' lang='grc' dir='ltr'>ἐστιν,</span> <span class='ocrx_word' id='word_1_75' title='bbox 431 1366 518 1442; x_wconf 81' lang='grc' dir='ltr'>ὅπως</span> <span class='ocrx_word' id='word_1_76' title='bbox 538 1363 619 1438; x_wconf 75' lang='grc' dir='ltr'>αὐτὸ</span> <span class='ocrx_word' id='word_1_77' title='bbox 635 1366 737 1459; x_wconf 74' lang='grc' dir='ltr'>σοι’σρ.</span> <span class='ocrx_word' id='word_1_78' title='bbox 758 1363 828 1434; x_wconf 79' lang='grc' dir='ltr'>Ὧν</span> <span class='ocrx_word' id='word_1_79' title='bbox 851 1361 919 1461; x_wconf 79' lang='grc' dir='ltr'>γὰρ</span> <span class='ocrx_word' id='word_1_80' title='bbox 938 1369 1062 1445; x_wconf 80' lang='grc' dir='ltr'>ἤμελλε</span> <span class='ocrx_word' id='word_1_81' title='bbox 1079 1360 1204 1463; x_wconf 71' lang='grc' dir='ltr'>σώζειν,</span> <span class='ocrx_word' id='word_1_82' title='bbox 1222 1358 1283 1437; x_wconf 79' lang='grc' dir='ltr'>τὰς</span> <span class='ocrx_word' id='word_1_83' title='bbox 1303 1356 1461 1458; x_wconf 74' lang='grc' dir='ltr'>ιἰπαρχᾶς</span> 
     </span>
     <span class='ocr_line' id='line_1_10' title="bbox 309 1471 1461 1577; baseline -0.006 -29"><span class='ocrx_word' id='word_1_84' title='bbox 309 1479 415 1550; x_wconf 69' lang='lat' dir='ltr'>circis</span> <span class='ocrx_word' id='word_1_85' title='bbox 440 1477 609 1577; x_wconf 74' lang='grc' dir='ltr'>εἰληφέναι</span> <span class='ocrx_word' id='word_1_86' title='bbox 638 1474 836 1577; x_wconf 78' lang='grc' dir='ltr'>φάσκουσιν,</span> <span class='ocrx_word' id='word_1_87' title='bbox 859 1473 928 1546; x_wconf 69' lang='lat' dir='ltr'>tet</span> <span class='ocrx_word' id='word_1_88' title='bbox 954 1473 1014 1558; x_wconf 80' lang='grc' dir='ltr'>μὲν</span> <span class='ocrx_word' id='word_1_89' title='bbox 1037 1482 1095 1557; x_wconf 73' lang='grc' dir='ltr'>τῆς</span> <span class='ocrx_word' id='word_1_90' title='bbox 1117 1472 1287 1571; x_wconf 83' lang='grc' dir='ltr'>Ἀχαμιδθ</span> <span class='ocrx_word' id='word_1_91' title='bbox 1304 1471 1348 1545; x_wconf 82' lang='grc' dir='ltr'>τὸ</span> <span class='ocrx_word' id='word_1_92' title='bbox 1368 1502 1461 1542; x_wconf 86' lang='grc' dir='ltr'>πνευ-</span> 
     </span>
     <span class='ocr_line' id='line_1_11' title="bbox 307 1581 1462 1687; baseline -0.006 -26"><span class='ocrx_word' id='word_1_93' title='bbox 307 1586 457 1674; x_wconf 78' lang='grc' dir='ltr'>ματικὸν,</span> <span class='ocrx_word' id='word_1_94' title='bbox 488 1587 557 1660; x_wconf 84' lang='grc' dir='ltr'>ἇπδ</span> <span class='ocrx_word' id='word_1_95' title='bbox 591 1586 626 1660; x_wconf 72' lang='grc' dir='ltr'>δὲ</span> <span class='ocrx_word' id='word_1_96' title='bbox 657 1595 720 1661; x_wconf 78' lang='grc' dir='ltr'>τοῦ</span> <span class='ocrx_word' id='word_1_97' title='bbox 753 1590 970 1687; x_wconf 76' lang='grc' dir='ltr'>Δημιουργοῦ</span> <span class='ocrx_word' id='word_1_98' title='bbox 999 1584 1184 1659; x_wconf 74' lang='grc' dir='ltr'>ἐνδεδύσθαι</span> <span class='ocrx_word' id='word_1_99' title='bbox 1218 1584 1280 1657; x_wconf 84' lang='grc' dir='ltr'>τὸν</span> <span class='ocrx_word' id='word_1_100' title='bbox 1312 1581 1462 1680; x_wconf 79' lang='grc' dir='ltr'>ψυχικὸν</span> 
     </span>
    </p>
   </div>
   <div class='ocr_carea' id='block_1_5' title="bbox 143 1697 1461 2134">
    <p class='ocr_par' dir='ltr' id='par_1_5' title="bbox 143 1697 1461 2134">
     <span class='ocr_line' id='line_1_12' title="bbox 308 1697 1461 1801; baseline -0.005 -29"><span class='ocrx_word' id='word_1_101' title='bbox 308 1701 475 1801; x_wconf 77' lang='grc' dir='ltr'>Χριστὸν,</span> <span class='ocrx_word' id='word_1_102' title='bbox 496 1699 566 1773; x_wconf 79' lang='lat' dir='ltr'>cirri</span> <span class='ocrx_word' id='word_1_103' title='bbox 584 1699 619 1772; x_wconf 71' lang='grc' dir='ltr'>δὲ</span> <span class='ocrx_word' id='word_1_104' title='bbox 636 1710 693 1784; x_wconf 74' lang='grc' dir='ltr'>τῆς</span> <span class='ocrx_word' id='word_1_105' title='bbox 709 1701 894 1785; x_wconf 73' lang='grc' dir='ltr'>οἰκονομίας</span> <span class='ocrx_word' id='word_1_106' title='bbox 912 1702 1179 1799; x_wconf 78' lang='grc' dir='ltr'>3περιτεθεῖσθαι</span> <span class='ocrx_word' id='word_1_107' title='bbox 1197 1703 1293 1782; x_wconf 78' lang='grc' dir='ltr'>σῶμα</span> <span class='ocrx_word' id='word_1_108' title='bbox 1314 1697 1461 1794; x_wconf 71' lang='grc' dir='ltr'>ψυχικὴν</span> 
     </span>
     <span class='ocr_line' id='line_1_13' title="bbox 143 1809 1461 1912; baseline -0.001 -32"><span class='ocrx_word' id='word_1_109' title='bbox 143 1841 293 1892; x_wconf 58' lang='grc' dir='ltr'>αμυσαι</span> <span class='ocrx_word' id='word_1_110' title='bbox 308 1815 387 1910; x_wconf 82' lang='grc' dir='ltr'>ἔχον</span> <span class='ocrx_word' id='word_1_111' title='bbox 413 1814 534 1899; x_wconf 74' lang='grc' dir='ltr'>οὐσίαν,</span> <span class='ocrx_word' id='word_1_112' title='bbox 563 1815 865 1896; x_wconf 78' lang='grc' dir='ltr'>κατεσκευασμένον</span> <span class='ocrx_word' id='word_1_113' title='bbox 889 1811 924 1882; x_wconf 78' lang='grc' dir='ltr'>δὲ</span> <span class='ocrx_word' id='word_1_114' title='bbox 949 1812 1082 1912; x_wconf 81' lang='grc' dir='ltr'>ἆῤῥῆτῳ</span> <span class='ocrx_word' id='word_1_115' title='bbox 1103 1812 1215 1908; x_wconf 75' lang='grc' dir='ltr'>τέχνῃ,</span> <span class='ocrx_word' id='word_1_116' title='bbox 1241 1809 1325 1909; x_wconf 75' lang='grc' dir='ltr'>πρὸς</span> <span class='ocrx_word' id='word_1_117' title='bbox 1345 1809 1389 1882; x_wconf 81' lang='grc' dir='ltr'>τὸ</span> <span class='ocrx_word' id='word_1_118' title='bbox 1407 1809 1461 1880; x_wconf 78' lang='grc' dir='ltr'>καὶ</span> 
     </span>
     <span class='ocr_line' id='line_1_14' title="bbox 308 1915 1460 2031; baseline -0.003 -35"><span class='ocrx_word' id='word_1_119' title='bbox 308 1927 486 2025; x_wconf 74' lang='grc' dir='ltr'>4ἀόρατον,</span> <span class='ocrx_word' id='word_1_120' title='bbox 516 1927 568 1997; x_wconf 74' lang='grc' dir='ltr'>καὶ</span> <span class='ocrx_word' id='word_1_121' title='bbox 595 1923 840 2025; x_wconf 81' lang='grc' dir='ltr'>ἆψηλᾶφητον,</span> <span class='ocrx_word' id='word_1_122' title='bbox 874 1920 952 2031; x_wconf 74' lang='lat' dir='ltr'>[lep.</span> <span class='ocrx_word' id='word_1_123' title='bbox 986 1926 1111 2023; x_wconf 85' lang='grc' dir='ltr'>ὅρατον</span> <span class='ocrx_word' id='word_1_124' title='bbox 1143 1924 1197 1994; x_wconf 77' lang='grc' dir='ltr'>καὶ</span> <span class='ocrx_word' id='word_1_125' title='bbox 1226 1915 1460 2026; x_wconf 77' lang='grc' dir='ltr'>ψηλάφητον]</span> 
     </span>
     <span class='ocr_line' id='line_1_15' title="bbox 308 2035 1460 2134; baseline -0.004 -26"><span class='ocrx_word' id='word_1_126' title='bbox 308 2039 360 2108; x_wconf 73' lang='grc' dir='ltr'>καὶ</span> <span class='ocrx_word' id='word_1_127' title='bbox 379 2037 532 2120; x_wconf 82' lang='grc' dir='ltr'>παθητὸν</span> <span class='ocrx_word' id='word_1_128' title='bbox 547 2041 757 2130; x_wconf 76' lang='grc' dir='ltr'>γεγενῆσθαι·</span> <span class='ocrx_word' id='word_1_129' title='bbox 784 2037 858 2108; x_wconf 60' lang='grc' dir='ltr'>ὅκαδ</span> <span class='ocrx_word' id='word_1_130' title='bbox 879 2035 988 2108; x_wconf 81' lang='grc' dir='ltr'>ὖλικδν</span> <span class='ocrx_word' id='word_1_131' title='bbox 1011 2036 1046 2106; x_wconf 77' lang='grc' dir='ltr'>δὲ</span> <span class='ocrx_word' id='word_1_132' title='bbox 1069 2035 1132 2106; x_wconf 74' lang='grc' dir='ltr'>οὐδ’</span> <span class='ocrx_word' id='word_1_133' title='bbox 1157 2039 1267 2107; x_wconf 79' lang='grc' dir='ltr'>ὁτιοῦν</span> <span class='ocrx_word' id='word_1_134' title='bbox 1290 2036 1460 2134; x_wconf 78' lang='grc' dir='ltr'>εἶληφέναι</span> 
     </span>
    </p>
   </div>
   <div class='ocr_carea' id='block_1_6' title="bbox 143 2219 1460 3303">
    <p class='ocr_par' dir='ltr' id='par_1_6' title="bbox 143 2219 1460 3303">
     <span class='ocr_line' id='line_1_16' title="bbox 307 2219 1460 2310; baseline -0.002 -24"><span class='ocrx_word' id='word_1_135' title='bbox 307 2223 380 2288; x_wconf 92' lang='lat' dir='ltr'>illuc</span> <span class='ocrx_word' id='word_1_136' title='bbox 413 2223 525 2310; x_wconf 85' lang='lat' dir='ltr'><strong>redigi,</strong></span> <span class='ocrx_word' id='word_1_137' title='bbox 560 2246 745 2309; x_wconf 87' lang='lat' dir='ltr'>quocunque</span> <span class='ocrx_word' id='word_1_138' title='bbox 779 2223 1004 2289; x_wconf 79' lang='lat' dir='ltr'>declinaverit:</span> <span class='ocrx_word' id='word_1_139' title='bbox 1031 2220 1183 2308; x_wconf 88' lang='lat' dir='ltr'>Spiritale</span> <span class='ocrx_word' id='word_1_140' title='bbox 1209 2243 1284 2286; x_wconf 85' lang='lat' dir='ltr'>vero</span> <span class='ocrx_word' id='word_1_141' title='bbox 1311 2219 1460 2285; x_wconf 88' lang='lat' dir='ltr'>emissum</span> 
     </span>
     <span class='ocr_line' id='line_1_17' title="bbox 308 2319 1460 2408; baseline -0.001 -22"><span class='ocrx_word' id='word_1_142' title='bbox 308 2345 385 2401; x_wconf 87' lang='lat' dir='ltr'>esse,</span> <span class='ocrx_word' id='word_1_143' title='bbox 412 2323 461 2387; x_wconf 89' lang='lat' dir='ltr'>uti</span> <span class='ocrx_word' id='word_1_144' title='bbox 485 2323 537 2388; x_wconf 92' lang='lat' dir='ltr'>hic</span> <span class='ocrx_word' id='word_1_145' title='bbox 563 2323 690 2387; x_wconf 88' lang='lat' dir='ltr'>animali</span> <span class='ocrx_word' id='word_1_146' title='bbox 715 2322 920 2408; x_wconf 91' lang='lat' dir='ltr'>conjunctum</span> <span class='ocrx_word' id='word_1_147' title='bbox 948 2323 1115 2397; x_wconf 71' lang='lat' dir='ltr'>for-tuetur,</span> <span class='ocrx_word' id='word_1_148' title='bbox 1142 2321 1340 2386; x_wconf 71' lang='lat' dir='ltr'>coereditum</span> <span class='ocrx_word' id='word_1_149' title='bbox 1367 2320 1396 2385; x_wconf 92' lang='lat' dir='ltr'>ei</span> <span class='ocrx_word' id='word_1_150' title='bbox 1427 2319 1460 2385; x_wconf 93' lang='lat' dir='ltr'>in</span> 
     </span>
     <span class='ocr_line' id='line_1_18' title="bbox 143 2417 1460 2506; baseline -0.002 -18"><span class='ocrx_word' id='word_1_151' title='bbox 143 2441 294 2488; x_wconf 67' lang='lat' dir='ltr'>munuu-</span> <span class='ocrx_word' id='word_1_152' title='bbox 308 2421 556 2489; x_wconf 85' lang='lat' dir='ltr'>conversatione.</span> <span class='ocrx_word' id='word_1_153' title='bbox 608 2421 653 2486; x_wconf 85' lang='lat' dir='ltr'>Et</span> <span class='ocrx_word' id='word_1_154' title='bbox 671 2417 730 2486; x_wconf 82' lang='lat' dir='ltr'>hoc</span> <span class='ocrx_word' id='word_1_155' title='bbox 748 2444 815 2486; x_wconf 90' lang='lat' dir='ltr'>esse</span> <span class='ocrx_word' id='word_1_156' title='bbox 833 2421 953 2499; x_wconf 89' lang='lat' dir='ltr'>dicunt,</span> <span class='ocrx_word' id='word_1_157' title='bbox 971 2421 1028 2498; x_wconf 79' lang='lat' dir='ltr'>rel,</span> <span class='ocrx_word' id='word_1_158' title='bbox 1046 2429 1080 2487; x_wconf 90' lang='lat' dir='ltr'>et</span> <span class='ocrx_word' id='word_1_159' title='bbox 1097 2422 1197 2488; x_wconf 79' lang='lat' dir='ltr'>lumea</span> <span class='ocrx_word' id='word_1_160' title='bbox 1212 2421 1330 2486; x_wconf 78' lang='lat' dir='ltr'>maadi.</span> <span class='ocrx_word' id='word_1_161' title='bbox 1370 2421 1460 2506; x_wconf 86' lang='lat' dir='ltr'>Opus</span> 
     </span>
     <span class='ocr_line' id='line_1_19' title="bbox 309 2521 1458 2606; baseline 0.001 -21"><span class='ocrx_word' id='word_1_162' title='bbox 309 2521 478 2586; x_wconf 88' lang='lat' dir='ltr'>eratenim</span> <span class='ocrx_word' id='word_1_163' title='bbox 495 2521 622 2586; x_wconf 88' lang='lat' dir='ltr'>animali</span> <span class='ocrx_word' id='word_1_164' title='bbox 640 2522 837 2588; x_wconf 80' lang='lat' dir='ltr'>sensibilibus</span> <span class='ocrx_word' id='word_1_165' title='bbox 853 2521 1032 2606; x_wconf 88' lang='lat' dir='ltr'>disciplinis.</span> <span class='ocrx_word' id='word_1_166' title='bbox 1084 2522 1135 2586; x_wconf 89' lang='lat' dir='ltr'>Ob</span> <span class='ocrx_word' id='word_1_167' title='bbox 1157 2542 1252 2606; x_wconf 93' lang='lat' dir='ltr'>quam</span> <span class='ocrx_word' id='word_1_168' title='bbox 1271 2543 1399 2585; x_wconf 87' lang='lat' dir='ltr'>eausam</span> <span class='ocrx_word' id='word_1_169' title='bbox 1422 2529 1458 2586; x_wconf 89' lang='lat' dir='ltr'>et</span> 
     </span>
     <span class='ocr_line' id='line_1_20' title="bbox 305 2620 1458 2690; baseline 0.001 -6"><span class='ocrx_word' id='word_1_170' title='bbox 305 2621 457 2684; x_wconf 89' lang='lat' dir='ltr'>mundum</span> <span class='ocrx_word' id='word_1_171' title='bbox 474 2621 664 2686; x_wconf 78' lang='lat' dir='ltr'>fabricatum</span> <span class='ocrx_word' id='word_1_172' title='bbox 680 2621 799 2690; x_wconf 87' lang='lat' dir='ltr'>dicunt.</span> <span class='ocrx_word' id='word_1_173' title='bbox 814 2629 849 2686; x_wconf 90' lang='lat' dir='ltr'>et</span> <span class='ocrx_word' id='word_1_174' title='bbox 866 2620 1065 2686; x_wconf 88' lang='lat' dir='ltr'>Salvatorem</span> <span class='ocrx_word' id='word_1_175' title='bbox 1079 2628 1188 2686; x_wconf 90' lang='lat' dir='ltr'>autem</span> <span class='ocrx_word' id='word_1_176' title='bbox 1202 2620 1244 2684; x_wconf 89' lang='lat' dir='ltr'>ad</span> <span class='ocrx_word' id='word_1_177' title='bbox 1261 2620 1322 2684; x_wconf 88' lang='lat' dir='ltr'>hoc</span> <span class='ocrx_word' id='word_1_178' title='bbox 1338 2620 1458 2685; x_wconf 84' lang='lat' dir='ltr'>venisse</span> 
     </span>
     <span class='ocr_line' id='line_1_21' title="bbox 305 2719 1458 2806; baseline 0 -23"><span class='ocrx_word' id='word_1_179' title='bbox 305 2720 450 2793; x_wconf 88' lang='lat' dir='ltr'>animale,</span> <span class='ocrx_word' id='word_1_180' title='bbox 469 2721 544 2806; x_wconf 90' lang='lat' dir='ltr'>quia</span> <span class='ocrx_word' id='word_1_181' title='bbox 557 2744 623 2785; x_wconf 81' lang='lat' dir='ltr'>suae</span> <span class='ocrx_word' id='word_1_182' title='bbox 639 2720 809 2806; x_wconf 84' lang='lat' dir='ltr'>potestatis</span> <span class='ocrx_word' id='word_1_183' title='bbox 822 2731 880 2794; x_wconf 89' lang='lat' dir='ltr'>est,</span> <span class='ocrx_word' id='word_1_184' title='bbox 894 2730 932 2784; x_wconf 85' lang='lat' dir='ltr'>ut</span> <span class='ocrx_word' id='word_1_185' title='bbox 947 2719 982 2784; x_wconf 93' lang='lat' dir='ltr'>id</span> <span class='ocrx_word' id='word_1_186' title='bbox 997 2721 1106 2785; x_wconf 85' lang='lat' dir='ltr'>salvet.</span> <span class='ocrx_word' id='word_1_187' title='bbox 1160 2720 1242 2796; x_wconf 80' lang='lat' dir='ltr'>Quae</span> <span class='ocrx_word' id='word_1_188' title='bbox 1259 2719 1344 2784; x_wconf 93' lang='lat' dir='ltr'>enim</span> <span class='ocrx_word' id='word_1_189' title='bbox 1358 2721 1458 2785; x_wconf 86' lang='lat' dir='ltr'>salva·</span> 
     </span>
     <span class='ocr_line' id='line_1_22' title="bbox 307 2819 1458 2905; baseline 0 -23"><span class='ocrx_word' id='word_1_190' title='bbox 307 2829 398 2883; x_wconf 86' lang='lat' dir='ltr'>turus</span> <span class='ocrx_word' id='word_1_191' title='bbox 411 2828 490 2892; x_wconf 84' lang='lat' dir='ltr'>erat,</span> <span class='ocrx_word' id='word_1_192' title='bbox 502 2842 611 2884; x_wconf 91' lang='lat' dir='ltr'>eorum</span> <span class='ocrx_word' id='word_1_193' title='bbox 627 2821 782 2905; x_wconf 76' lang='lat' dir='ltr'>primitias</span> <span class='ocrx_word' id='word_1_194' title='bbox 799 2841 873 2884; x_wconf 90' lang='lat' dir='ltr'>eum</span> <span class='ocrx_word' id='word_1_195' title='bbox 888 2819 1061 2904; x_wconf 78' lang='lat' dir='ltr'>suscepisse</span> <span class='ocrx_word' id='word_1_196' title='bbox 1078 2820 1202 2884; x_wconf 88' lang='lat' dir='ltr'>dicunt:</span> <span class='ocrx_word' id='word_1_197' title='bbox 1221 2820 1263 2883; x_wconf 86' lang='lat' dir='ltr'>ab</span> <span class='ocrx_word' id='word_1_198' title='bbox 1275 2819 1458 2884; x_wconf 76' lang='lat' dir='ltr'><strong>Achamoth</strong></span> 
     </span>
     <span class='ocr_line' id='line_1_23' title="bbox 307 2917 1458 3006; baseline 0.001 -24"><span class='ocrx_word' id='word_1_199' title='bbox 307 2918 433 3002; x_wconf 91' lang='lat' dir='ltr'>quidem</span> <span class='ocrx_word' id='word_1_200' title='bbox 451 2919 604 3004; x_wconf 85' lang='lat' dir='ltr'>spiritale,</span> <span class='ocrx_word' id='word_1_201' title='bbox 623 2941 643 2983; x_wconf 90' lang='lat' dir='ltr'>a</span> <span class='ocrx_word' id='word_1_202' title='bbox 662 2918 836 3006; x_wconf 87' lang='lat' dir='ltr'>Demiurgo</span> <span class='ocrx_word' id='word_1_203' title='bbox 854 2929 961 2983; x_wconf 91' lang='lat' dir='ltr'>autem</span> <span class='ocrx_word' id='word_1_204' title='bbox 979 2919 1126 2984; x_wconf 90' lang='lat' dir='ltr'>indutum</span> <span class='ocrx_word' id='word_1_205' title='bbox 1143 2917 1324 3004; x_wconf 78' lang='lat' dir='ltr'>psychicum</span> <span class='ocrx_word' id='word_1_206' title='bbox 1343 2918 1391 2999; x_wconf 89' lang='lat' dir='ltr'>(id</span> <span class='ocrx_word' id='word_1_207' title='bbox 1409 2925 1458 2983; x_wconf 89' lang='lat' dir='ltr'>est</span> 
     </span>
     <span class='ocr_line' id='line_1_24' title="bbox 307 3017 1457 3103; baseline 0.003 -24"><span class='ocrx_word' id='word_1_208' title='bbox 307 3017 490 3102; x_wconf 75' lang='lat' dir='ltr'>animalem)</span> <span class='ocrx_word' id='word_1_209' title='bbox 510 3017 682 3094; x_wconf 79' lang='lat' dir='ltr'>Christum,</span> <span class='ocrx_word' id='word_1_210' title='bbox 699 3041 720 3082; x_wconf 92' lang='lat' dir='ltr'>a</span> <span class='ocrx_word' id='word_1_211' title='bbox 736 3017 942 3103; x_wconf 82' lang='lat' dir='ltr'>dispositione</span> <span class='ocrx_word' id='word_1_212' title='bbox 961 3027 1070 3084; x_wconf 86' lang='lat' dir='ltr'>autem</span> <span class='ocrx_word' id='word_1_213' title='bbox 1086 3018 1317 3083; x_wconf 85' lang='lat' dir='ltr'>circumdatum</span> <span class='ocrx_word' id='word_1_214' title='bbox 1334 3039 1457 3103; x_wconf 86' lang='lat' dir='ltr'>corpus,</span> 
     </span>
     <span class='ocr_line' id='line_1_25' title="bbox 306 3115 1459 3201; baseline 0.001 -20"><span class='ocrx_word' id='word_1_215' title='bbox 306 3115 476 3182; x_wconf 76' lang='lat' dir='ltr'>animalem</span> <span class='ocrx_word' id='word_1_216' title='bbox 501 3117 620 3183; x_wconf 85' lang='lat' dir='ltr'>habens</span> <span class='ocrx_word' id='word_1_217' title='bbox 646 3117 867 3193; x_wconf 87' lang='lat' dir='ltr'>substantiam,</span> <span class='ocrx_word' id='word_1_218' title='bbox 886 3125 1033 3201; x_wconf 87' lang='lat' dir='ltr'>paratum</span> <span class='ocrx_word' id='word_1_219' title='bbox 1050 3140 1125 3182; x_wconf 86' lang='lat' dir='ltr'>vero</span> <span class='ocrx_word' id='word_1_220' title='bbox 1150 3117 1352 3181; x_wconf 86' lang='lat' dir='ltr'>inenarrabili</span> <span class='ocrx_word' id='word_1_221' title='bbox 1378 3126 1459 3192; x_wconf 86' lang='lat' dir='ltr'>arte,</span> 
     </span>
     <span class='ocr_line' id='line_1_26' title="bbox 307 3215 1460 3303; baseline 0 -23"><span class='ocrx_word' id='word_1_222' title='bbox 307 3223 393 3281; x_wconf 90' lang='lat' dir='ltr'>utet</span> <span class='ocrx_word' id='word_1_223' title='bbox 410 3216 539 3294; x_wconf 84' lang='lat' dir='ltr'>visibile,</span> <span class='ocrx_word' id='word_1_224' title='bbox 558 3226 592 3283; x_wconf 92' lang='lat' dir='ltr'>et</span> <span class='ocrx_word' id='word_1_225' title='bbox 607 3216 773 3303; x_wconf 73' lang='lat' dir='ltr'>palpabile,</span> <span class='ocrx_word' id='word_1_226' title='bbox 793 3225 827 3280; x_wconf 92' lang='lat' dir='ltr'>et</span> <span class='ocrx_word' id='word_1_227' title='bbox 845 3217 990 3300; x_wconf 82' lang='lat' dir='ltr'>passibile</span> <span class='ocrx_word' id='word_1_228' title='bbox 1007 3217 1108 3283; x_wconf 87' lang='lat' dir='ltr'>fieret.</span> <span class='ocrx_word' id='word_1_229' title='bbox 1136 3215 1183 3281; x_wconf 89' lang='lat' dir='ltr'>Et</span> <span class='ocrx_word' id='word_1_230' title='bbox 1199 3216 1339 3301; x_wconf 88' lang='lat' dir='ltr'>hylicum</span> <span class='ocrx_word' id='word_1_231' title='bbox 1351 3224 1460 3282; x_wconf 86' lang='lat' dir='ltr'>autem</span> 
     </span>
    </p>
   </div>
   <div class='ocr_carea' id='block_1_7' title="bbox 277 3383 1460 4666">
    <p class='ocr_par' dir='ltr' id='par_1_7' title="bbox 277 3383 1460 4666">
     <span class='ocr_line' id='line_1_27' title="bbox 353 3383 1460 3450; baseline 0.001 -16"><span class='ocrx_word' id='word_1_232' title='bbox 353 3383 364 3415; x_wconf 91' lang='lat'>¹</span> <span class='ocrx_word' id='word_1_233' title='bbox 382 3387 459 3435; x_wconf 75' lang='grc' dir='ltr'>ἐκεῖσε</span> <span class='ocrx_word' id='word_1_234' title='bbox 470 3388 562 3448; x_wconf 83' lang='grc' dir='ltr'>χωρεῖν,</span> <span class='ocrx_word' id='word_1_235' title='bbox 576 3387 592 3435; x_wconf 89' lang='lat' dir='ltr'>i.</span> <span class='ocrx_word' id='word_1_236' title='bbox 603 3404 623 3436; x_wconf 85' lang='lat' dir='ltr'>c.</span> <span class='ocrx_word' id='word_1_237' title='bbox 638 3386 705 3434; x_wconf 77' lang='grc' dir='ltr'>Ιυιεε</span> <span class='ocrx_word' id='word_1_238' title='bbox 713 3385 861 3434; x_wconf 69' lang='lat' dir='ltr'>materialem</span> <span class='ocrx_word' id='word_1_239' title='bbox 908 3400 968 3449; x_wconf 84' lang='lat' dir='ltr'>may</span> <span class='ocrx_word' id='word_1_240' title='bbox 984 3391 1051 3433; x_wconf 89' lang='lat' dir='ltr'>traee</span> <span class='ocrx_word' id='word_1_241' title='bbox 1068 3386 1132 3434; x_wconf 84' lang='lat' dir='ltr'>back</span> <span class='ocrx_word' id='word_1_242' title='bbox 1149 3391 1176 3434; x_wconf 90' lang='lat' dir='ltr'>to</span> <span class='ocrx_word' id='word_1_243' title='bbox 1193 3385 1236 3434; x_wconf 89' lang='lat' dir='ltr'>the</span> <span class='ocrx_word' id='word_1_244' title='bbox 1253 3385 1358 3435; x_wconf 84' lang='lat' dir='ltr'>Gnostie</span> <span class='ocrx_word' id='word_1_245' title='bbox 1374 3387 1460 3450; x_wconf 79' lang='lat' dir='ltr'>period</span> 
     </span>
     <span class='ocr_line' id='line_1_28' title="bbox 305 3465 1460 3533; baseline 0.003 -20"><span class='ocrx_word' id='word_1_246' title='bbox 305 3471 325 3512; x_wconf 78' lang='lat' dir='ltr'>el</span> <span class='ocrx_word' id='word_1_247' title='bbox 339 3465 475 3526; x_wconf 75' lang='lat' dir='ltr'>spiritalem</span> <span class='ocrx_word' id='word_1_248' title='bbox 486 3467 592 3525; x_wconf 78' lang='lat' dir='ltr'>nutanti,</span> <span class='ocrx_word' id='word_1_249' title='bbox 613 3473 633 3514; x_wconf 83' lang='lat' dir='ltr'>et</span> <span class='ocrx_word' id='word_1_250' title='bbox 651 3467 710 3514; x_wconf 80' lang='lat' dir='ltr'>illuc</span> <span class='ocrx_word' id='word_1_251' title='bbox 723 3465 800 3515; x_wconf 81' lang='lat' dir='ltr'>dedito</span> <span class='ocrx_word' id='word_1_252' title='bbox 812 3481 861 3528; x_wconf 81' lang='lat' dir='ltr'>que</span> <span class='ocrx_word' id='word_1_253' title='bbox 909 3466 952 3514; x_wconf 87' lang='lat' dir='ltr'>the</span> <span class='ocrx_word' id='word_1_254' title='bbox 968 3465 1140 3530; x_wconf 81' lang='lat' dir='ltr'>Apollinarian</span> <span class='ocrx_word' id='word_1_255' title='bbox 1157 3467 1244 3514; x_wconf 92' lang='lat' dir='ltr'>notion</span> <span class='ocrx_word' id='word_1_256' title='bbox 1262 3466 1319 3516; x_wconf 90' lang='lat' dir='ltr'>that</span> <span class='ocrx_word' id='word_1_257' title='bbox 1332 3468 1376 3516; x_wconf 87' lang='lat' dir='ltr'>the</span> <span class='ocrx_word' id='word_1_258' title='bbox 1392 3467 1460 3533; x_wconf 88' lang='lat' dir='ltr'>body</span> 
     </span>
     <span class='ocr_line' id='line_1_29' title="bbox 301 3543 1457 3612; baseline 0.008 -21"><span class='ocrx_word' id='word_1_259' title='bbox 301 3543 439 3604; x_wconf 80' lang='lat' dir='ltr'>plurimum</span> <span class='ocrx_word' id='word_1_260' title='bbox 465 3547 586 3595; x_wconf 73' lang='lat' dir='ltr'>unaue-it.</span> <span class='ocrx_word' id='word_1_261' title='bbox 621 3547 701 3596; x_wconf 76' lang='lat' dir='ltr'>Tuan.</span> <span class='ocrx_word' id='word_1_262' title='bbox 722 3545 761 3596; x_wconf 81' lang='lat' dir='ltr'>ad.</span> <span class='ocrx_word' id='word_1_263' title='bbox 807 3546 860 3594; x_wconf 89' lang='lat' dir='ltr'>&#39;l&#39;he</span> <span class='ocrx_word' id='word_1_264' title='bbox 909 3547 1030 3596; x_wconf 84' lang='lat' dir='ltr'>ofChrist</span> <span class='ocrx_word' id='word_1_265' title='bbox 1037 3548 1277 3612; x_wconf 81' lang='lat' dir='ltr'>waeolaheavenly</span> <span class='ocrx_word' id='word_1_266' title='bbox 1287 3550 1457 3612; x_wconf 83' lang='lat' dir='ltr'>constitution,</span> 
     </span>
     <span class='ocr_line' id='line_1_30' title="bbox 307 3625 1386 3694; baseline 0.008 -22"><span class='ocrx_word' id='word_1_267' title='bbox 307 3625 404 3685; x_wconf 74' lang='grc' dir='ltr'>ψυχικοι</span> <span class='ocrx_word' id='word_1_268' title='bbox 426 3627 526 3677; x_wconf 75' lang='lat' dir='ltr'>become</span> <span class='ocrx_word' id='word_1_269' title='bbox 547 3643 616 3676; x_wconf 86' lang='lat' dir='ltr'>more</span> <span class='ocrx_word' id='word_1_270' title='bbox 637 3627 687 3676; x_wconf 78' lang='lat' dir='ltr'>and</span> <span class='ocrx_word' id='word_1_271' title='bbox 710 3643 778 3676; x_wconf 90' lang='lat' dir='ltr'>more</span> <span class='ocrx_word' id='word_1_272' title='bbox 800 3643 858 3675; x_wconf 88' lang='lat' dir='ltr'>oon·</span> <span class='ocrx_word' id='word_1_273' title='bbox 908 3628 1132 3692; x_wconf 85' lang='lat' dir='ltr'>andnottrulyof</span> <span class='ocrx_word' id='word_1_274' title='bbox 1143 3629 1193 3677; x_wconf 87' lang='lat' dir='ltr'>this</span> <span class='ocrx_word' id='word_1_275' title='bbox 1208 3630 1386 3694; x_wconf 81' lang='lat' dir='ltr'>carthearthy.</span> 
     </span>
     <span class='ocr_line' id='line_1_31' title="bbox 305 3705 1458 3775; baseline 0.005 -21"><span class='ocrx_word' id='word_1_276' title='bbox 305 3705 392 3756; x_wconf 85' lang='lat' dir='ltr'>firmed</span> <span class='ocrx_word' id='word_1_277' title='bbox 403 3709 482 3758; x_wconf 86' lang='lat' dir='ltr'>either</span> <span class='ocrx_word' id='word_1_278' title='bbox 496 3711 522 3757; x_wconf 88' lang='lat' dir='ltr'>in</span> <span class='ocrx_word' id='word_1_279' title='bbox 536 3710 570 3758; x_wconf 88' lang='lat' dir='ltr'>all</span> <span class='ocrx_word' id='word_1_280' title='bbox 585 3711 648 3760; x_wconf 86' lang='lat' dir='ltr'>laith</span> <span class='ocrx_word' id='word_1_281' title='bbox 660 3711 709 3760; x_wconf 84' lang='lat' dir='ltr'>and</span> <span class='ocrx_word' id='word_1_282' title='bbox 725 3711 857 3775; x_wconf 79' lang='lat' dir='ltr'>goodnesc,</span> <span class='ocrx_word' id='word_1_283' title='bbox 958 3706 1087 3770; x_wconf 72' lang='lat' dir='ltr'>‘&#39;Opardr</span> <span class='ocrx_word' id='word_1_284' title='bbox 1098 3709 1138 3757; x_wconf 80' lang='lat' dir='ltr'>rat</span> <span class='ocrx_word' id='word_1_285' title='bbox 1156 3709 1304 3770; x_wconf 70' lang='grc' dir='ltr'>ψηλδφιμον</span> <span class='ocrx_word' id='word_1_286' title='bbox 1320 3710 1396 3759; x_wconf 83' lang='lat' dir='ltr'>isthe</span> <span class='ocrx_word' id='word_1_287' title='bbox 1412 3725 1458 3760; x_wconf 85' lang='lat' dir='ltr'>un·</span> 
     </span>
     <span class='ocr_line' id='line_1_32' title="bbox 277 3787 1459 3856; baseline 0.003 -19"><span class='ocrx_word' id='word_1_288' title='bbox 277 3801 282 3812; x_wconf 90' lang='lat'><strong>·</strong></span> <span class='ocrx_word' id='word_1_289' title='bbox 305 3802 334 3837; x_wconf 92' lang='lat' dir='ltr'>or</span> <span class='ocrx_word' id='word_1_290' title='bbox 355 3787 380 3836; x_wconf 89' lang='lat' dir='ltr'>in</span> <span class='ocrx_word' id='word_1_291' title='bbox 402 3789 526 3854; x_wconf 83' lang='lat' dir='ltr'>infidelity</span> <span class='ocrx_word' id='word_1_292' title='bbox 547 3789 598 3838; x_wconf 86' lang='lat' dir='ltr'>and</span> <span class='ocrx_word' id='word_1_293' title='bbox 619 3792 771 3854; x_wconf 87' lang='lat' dir='ltr'>corruption,</span> <span class='ocrx_word' id='word_1_294' title='bbox 798 3791 859 3854; x_wconf 83' lang='lat' dir='ltr'>they</span> <span class='ocrx_word' id='word_1_295' title='bbox 909 3791 1019 3839; x_wconf 82' lang='lat' dir='ltr'>doubted</span> <span class='ocrx_word' id='word_1_296' title='bbox 1044 3790 1159 3854; x_wconf 77' lang='lat' dir='ltr'>reading;</span> <span class='ocrx_word' id='word_1_297' title='bbox 1186 3807 1301 3856; x_wconf 75' lang='lat' dir='ltr'>compara</span> <span class='ocrx_word' id='word_1_298' title='bbox 1328 3792 1389 3841; x_wconf 85' lang='lat' dir='ltr'>with</span> <span class='ocrx_word' id='word_1_299' title='bbox 1416 3793 1459 3842; x_wconf 88' lang='lat' dir='ltr'>the</span> 
     </span>
     <span class='ocr_line' id='line_1_33' title="bbox 305 3869 1459 3935; baseline 0.005 -17"><span class='ocrx_word' id='word_1_300' title='bbox 305 3869 377 3918; x_wconf 80' lang='lat' dir='ltr'>alone</span> <span class='ocrx_word' id='word_1_301' title='bbox 388 3871 483 3935; x_wconf 80' lang='lat' dir='ltr'>having</span> <span class='ocrx_word' id='word_1_302' title='bbox 493 3871 603 3920; x_wconf 71' lang='lat' dir='ltr'>heodem</span> <span class='ocrx_word' id='word_1_303' title='bbox 614 3873 643 3921; x_wconf 83' lang='lat' dir='ltr'>ol</span> <span class='ocrx_word' id='word_1_304' title='bbox 652 3871 709 3921; x_wconf 85' lang='lat' dir='ltr'>will.</span> <span class='ocrx_word' id='word_1_305' title='bbox 907 3872 1054 3922; x_wconf 83' lang='lat' dir='ltr'>translation</span> <span class='ocrx_word' id='word_1_306' title='bbox 1076 3873 1270 3922; x_wconf 75' lang='lat' dir='ltr'>Taurunumn’s</span> <span class='ocrx_word' id='word_1_307' title='bbox 1291 3873 1380 3935; x_wconf 81' lang='lat' dir='ltr'>words,</span> <span class='ocrx_word' id='word_1_308' title='bbox 1406 3873 1459 3934; x_wconf 78' lang='lat' dir='ltr'>Quo</span> 
     </span>
     <span class='ocr_line' id='line_1_34' title="bbox 355 3949 1459 4015; baseline 0.004 -15"><span class='ocrx_word' id='word_1_309' title='bbox 355 3949 525 4015; x_wconf 70' lang='lat' dir='ltr'>’Iudiqoc&#39;aec</span> <span class='ocrx_word' id='word_1_310' title='bbox 546 3954 611 4001; x_wconf 77' lang='lat' dir='ltr'>mim</span> <span class='ocrx_word' id='word_1_311' title='bbox 633 3955 764 4003; x_wconf 79' lang='lat' dir='ltr'>animalem</span> <span class='ocrx_word' id='word_1_312' title='bbox 786 3956 859 4004; x_wconf 81' lang='lat' dir='ltr'>etium</span> <span class='ocrx_word' id='word_1_313' title='bbox 907 3954 1049 4015; x_wconf 72' lang='grc' dir='ltr'>ευιισειιιιιί,</span> <span class='ocrx_word' id='word_1_314' title='bbox 1062 3961 1083 4002; x_wconf 82' lang='lat' dir='ltr'>et</span> <span class='ocrx_word' id='word_1_315' title='bbox 1099 3954 1274 4015; x_wconf 54' lang='lat' dir='ltr'>receptandae</span> <span class='ocrx_word' id='word_1_316' title='bbox 1290 3954 1419 4014; x_wconf 71' lang='grc' dir='ltr'>εοιιιαοιιιιῗ,</span> <span class='ocrx_word' id='word_1_317' title='bbox 1437 3963 1459 4004; x_wconf 73' lang='grc' dir='ltr'>ιλ</span> 
     </span>
     <span class='ocr_line' id='line_1_35' title="bbox 304 4033 1456 4106; baseline 0.004 -24"><span class='ocrx_word' id='word_1_318' title='bbox 304 4033 457 4082; x_wconf 52' lang='lat' dir='ltr'>“nobilium</span> <span class='ocrx_word' id='word_1_319' title='bbox 484 4035 683 4097; x_wconf 74' lang='lat' dir='ltr'>disciplinarum.</span> <span class='ocrx_word' id='word_1_320' title='bbox 718 4037 798 4106; x_wconf 78' lang='lat' dir='ltr'>Tuar.</span> <span class='ocrx_word' id='word_1_321' title='bbox 817 4035 856 4086; x_wconf 73' lang='grc' dir='ltr'>τό.</span> <span class='ocrx_word' id='word_1_322' title='bbox 907 4036 1043 4098; x_wconf 66' lang='lat' dir='ltr'>defunctui,</span> <span class='ocrx_word' id='word_1_323' title='bbox 1055 4037 1161 4100; x_wconf 68' lang='lat' dir='ltr'>iuqrutie</span> <span class='ocrx_word' id='word_1_324' title='bbox 1171 4037 1303 4100; x_wconf 68' lang='lat' dir='ltr'>estjam.</span> <span class='ocrx_word' id='word_1_325' title='bbox 1339 4038 1456 4100; x_wconf 72' lang='grc' dir='ltr'>’Πιερικ-</span> 
     </span>
     <span class='ocr_line' id='line_1_36' title="bbox 305 4115 1456 4181; baseline 0.003 -17"><span class='ocrx_word' id='word_1_326' title='bbox 305 4115 358 4164; x_wconf 87' lang='lat' dir='ltr'>But</span> <span class='ocrx_word' id='word_1_327' title='bbox 374 4118 416 4166; x_wconf 89' lang='lat' dir='ltr'>the</span> <span class='ocrx_word' id='word_1_328' title='bbox 432 4116 546 4180; x_wconf 84' lang='lat' dir='ltr'>spiritual</span> <span class='ocrx_word' id='word_1_329' title='bbox 563 4116 619 4166; x_wconf 85' lang='lat' dir='ltr'>seed</span> <span class='ocrx_word' id='word_1_330' title='bbox 638 4117 728 4166; x_wconf 81' lang='lat' dir='ltr'>needed</span> <span class='ocrx_word' id='word_1_331' title='bbox 746 4119 788 4167; x_wconf 89' lang='lat' dir='ltr'>the</span> <span class='ocrx_word' id='word_1_332' title='bbox 806 4119 858 4167; x_wconf 88' lang='lat' dir='ltr'>ani·</span> <span class='ocrx_word' id='word_1_333' title='bbox 906 4133 966 4181; x_wconf 75' lang='lat' dir='ltr'>uage</span> <span class='ocrx_word' id='word_1_334' title='bbox 983 4133 1011 4165; x_wconf 82' lang='lat' dir='ltr'>ae</span> <span class='ocrx_word' id='word_1_335' title='bbox 1030 4117 1123 4166; x_wconf 82' lang='lat' dir='ltr'>altered</span> <span class='ocrx_word' id='word_1_336' title='bbox 1142 4119 1188 4167; x_wconf 86' lang='lat' dir='ltr'>has</span> <span class='ocrx_word' id='word_1_337' title='bbox 1206 4119 1268 4167; x_wconf 90' lang='lat' dir='ltr'>been</span> <span class='ocrx_word' id='word_1_338' title='bbox 1282 4118 1373 4167; x_wconf 82' lang='lat' dir='ltr'>almost</span> <span class='ocrx_word' id='word_1_339' title='bbox 1389 4123 1456 4166; x_wconf 83' lang='lat' dir='ltr'>tran·</span> 
     </span>
     <span class='ocr_line' id='line_1_37' title="bbox 305 4196 1455 4263; baseline 0 -17"><span class='ocrx_word' id='word_1_340' title='bbox 305 4197 355 4246; x_wconf 82' lang='lat' dir='ltr'>mal</span> <span class='ocrx_word' id='word_1_341' title='bbox 366 4198 493 4262; x_wconf 85' lang='lat' dir='ltr'>discipline</span> <span class='ocrx_word' id='word_1_342' title='bbox 504 4196 590 4256; x_wconf 83' lang='lat' dir='ltr'>oillle,</span> <span class='ocrx_word' id='word_1_343' title='bbox 608 4213 648 4246; x_wconf 85' lang='lat' dir='ltr'>see</span> <span class='ocrx_word' id='word_1_344' title='bbox 659 4215 683 4261; x_wconf 86' lang='lat' dir='ltr'>p.</span> <span class='ocrx_word' id='word_1_345' title='bbox 697 4199 736 4259; x_wconf 87' lang='lat'>58,</span> <span class='ocrx_word' id='word_1_346' title='bbox 756 4199 858 4248; x_wconf 80' lang='lat' dir='ltr'>audior</span> <span class='ocrx_word' id='word_1_347' title='bbox 906 4198 1002 4246; x_wconf 85' lang='lat' dir='ltr'>scribed</span> <span class='ocrx_word' id='word_1_348' title='bbox 1018 4199 1052 4263; x_wconf 78' lang='lat' dir='ltr'>by</span> <span class='ocrx_word' id='word_1_349' title='bbox 1062 4199 1230 4259; x_wconf 68' lang='lat' dir='ltr'>Turnonem,</span> <span class='ocrx_word' id='word_1_350' title='bbox 1244 4215 1268 4247; x_wconf 86' lang='lat' dir='ltr'>n.</span> <span class='ocrx_word' id='word_1_351' title='bbox 1282 4212 1305 4260; x_wconf 79' lang='lat'>5.</span> <span class='ocrx_word' id='word_1_352' title='bbox 1333 4199 1386 4246; x_wconf 76' lang='lat' dir='ltr'>Tac</span> <span class='ocrx_word' id='word_1_353' title='bbox 1400 4214 1455 4261; x_wconf 88' lang='lat' dir='ltr'>pro·</span> 
     </span>
     <span class='ocr_line' id='line_1_38' title="bbox 304 4277 1435 4344; baseline -0.002 -17"><span class='ocrx_word' id='word_1_354' title='bbox 304 4279 355 4328; x_wconf 85' lang='lat' dir='ltr'>this</span> <span class='ocrx_word' id='word_1_355' title='bbox 362 4295 448 4330; x_wconf 82' lang='lat' dir='ltr'>reason</span> <span class='ocrx_word' id='word_1_356' title='bbox 458 4278 721 4341; x_wconf 79' lang='lat' dir='ltr'>Gnaus&#39;soonjeeture</span> <span class='ocrx_word' id='word_1_357' title='bbox 728 4281 857 4343; x_wconf 82' lang='lat' dir='ltr'>expreseed</span> <span class='ocrx_word' id='word_1_358' title='bbox 906 4279 982 4342; x_wconf 83' lang='lat' dir='ltr'>posed</span> <span class='ocrx_word' id='word_1_359' title='bbox 993 4279 1096 4343; x_wconf 78' lang='lat' dir='ltr'>reading</span> <span class='ocrx_word' id='word_1_360' title='bbox 1106 4281 1127 4329; x_wconf 89' lang='lat' dir='ltr'>is</span> <span class='ocrx_word' id='word_1_361' title='bbox 1138 4281 1201 4344; x_wconf 81' lang='lat' dir='ltr'>fully</span> <span class='ocrx_word' id='word_1_362' title='bbox 1212 4278 1352 4338; x_wconf 82' lang='lat' dir='ltr'>confirmed,</span> <span class='ocrx_word' id='word_1_363' title='bbox 1370 4277 1384 4334; x_wconf 71' lang='lat' dir='ltr'>i</span> <span class='ocrx_word' id='word_1_364' title='bbox 1396 4293 1435 4326; x_wconf 83' lang='grc' dir='ltr'>ιο.</span> 
     </span>
     <span class='ocr_line' id='line_1_39' title="bbox 304 4359 1453 4424; baseline 0 -16"><span class='ocrx_word' id='word_1_365' title='bbox 304 4359 856 4424; x_wconf 76' lang='lat' dir='ltr'>withinbracketsisuuneoessary;although</span> <span class='ocrx_word' id='word_1_366' title='bbox 955 4360 966 4391; x_wconf 77' lang='lat'>⁸</span> <span class='ocrx_word' id='word_1_367' title='bbox 992 4361 1045 4410; x_wconf 83' lang='lat' dir='ltr'>&#39;Ibe</span> <span class='ocrx_word' id='word_1_368' title='bbox 1073 4362 1185 4411; x_wconf 65' lang='lat' dir='ltr'>dormine</span> <span class='ocrx_word' id='word_1_369' title='bbox 1213 4360 1241 4409; x_wconf 84' lang='lat' dir='ltr'>of</span> <span class='ocrx_word' id='word_1_370' title='bbox 1269 4359 1453 4419; x_wconf 76' lang='lat' dir='ltr'>Vaummus,</span> 
     </span>
     <span class='ocr_line' id='line_1_40' title="bbox 304 4440 1458 4508; baseline 0.002 -18"><span class='ocrx_word' id='word_1_371' title='bbox 304 4441 438 4490; x_wconf 80' lang='lat' dir='ltr'>confirmed</span> <span class='ocrx_word' id='word_1_372' title='bbox 459 4440 494 4505; x_wconf 83' lang='lat' dir='ltr'>by</span> <span class='ocrx_word' id='word_1_373' title='bbox 511 4441 554 4489; x_wconf 88' lang='lat' dir='ltr'>the</span> <span class='ocrx_word' id='word_1_374' title='bbox 575 4440 708 4488; x_wconf 81' lang='lat' dir='ltr'>translator</span> <span class='ocrx_word' id='word_1_375' title='bbox 729 4441 779 4489; x_wconf 88' lang='lat' dir='ltr'>and</span> <span class='ocrx_word' id='word_1_376' title='bbox 798 4441 856 4489; x_wconf 84' lang='lat' dir='ltr'>Ter-</span> <span class='ocrx_word' id='word_1_377' title='bbox 906 4443 1035 4502; x_wconf 81' lang='lat' dir='ltr'>therefore,</span> <span class='ocrx_word' id='word_1_378' title='bbox 1048 4460 1076 4493; x_wconf 82' lang='lat' dir='ltr'>aa</span> <span class='ocrx_word' id='word_1_379' title='bbox 1086 4445 1187 4508; x_wconf 78' lang='lat' dir='ltr'>regards</span> <span class='ocrx_word' id='word_1_380' title='bbox 1205 4445 1248 4494; x_wconf 90' lang='lat' dir='ltr'>the</span> <span class='ocrx_word' id='word_1_381' title='bbox 1264 4444 1358 4492; x_wconf 82' lang='lat' dir='ltr'>human</span> <span class='ocrx_word' id='word_1_382' title='bbox 1368 4448 1458 4492; x_wconf 75' lang='lat' dir='ltr'>natum</span> 
     </span>
     <span class='ocr_line' id='line_1_41' title="bbox 304 4519 1458 4589; baseline 0.004 -22"><span class='ocrx_word' id='word_1_383' title='bbox 304 4519 399 4568; x_wconf 81' lang='lat' dir='ltr'>tullian.</span> <span class='ocrx_word' id='word_1_384' title='bbox 906 4523 935 4571; x_wconf 82' lang='lat' dir='ltr'>ol</span> <span class='ocrx_word' id='word_1_385' title='bbox 948 4524 1032 4572; x_wconf 79' lang='lat' dir='ltr'>Christ</span> <span class='ocrx_word' id='word_1_386' title='bbox 1044 4541 1094 4573; x_wconf 83' lang='lat' dir='ltr'>was</span> <span class='ocrx_word' id='word_1_387' title='bbox 1108 4524 1251 4589; x_wconf 86' lang='lat' dir='ltr'>essentially</span> <span class='ocrx_word' id='word_1_388' title='bbox 1262 4524 1373 4573; x_wconf 88' lang='lat' dir='ltr'>Docetic.</span> <span class='ocrx_word' id='word_1_389' title='bbox 1408 4523 1458 4572; x_wconf 81' lang='lat' dir='ltr'>Hie</span> 
     </span>
     <span class='ocr_line' id='line_1_42' title="bbox 353 4597 1458 4666; baseline 0.005 -20"><span class='ocrx_word' id='word_1_390' title='bbox 353 4597 364 4632; x_wconf 78' lang='lat'>⁸</span> <span class='ocrx_word' id='word_1_391' title='bbox 381 4599 430 4646; x_wconf 77' lang='grc' dir='ltr'>ἀπὸ</span> <span class='ocrx_word' id='word_1_392' title='bbox 441 4601 467 4650; x_wconf 71' lang='grc' dir='ltr'>δὲ</span> <span class='ocrx_word' id='word_1_393' title='bbox 482 4601 525 4656; x_wconf 73' lang='grc' dir='ltr'>τῆς</span> <span class='ocrx_word' id='word_1_394' title='bbox 540 4601 678 4657; x_wconf 66' lang='grc' dir='ltr'>οἰκονομίαι.</span> <span class='ocrx_word' id='word_1_395' title='bbox 713 4599 801 4649; x_wconf 88' lang='lat' dir='ltr'>Hence</span> <span class='ocrx_word' id='word_1_396' title='bbox 819 4617 856 4650; x_wconf 86' lang='lat' dir='ltr'>we</span> <span class='ocrx_word' id='word_1_397' title='bbox 905 4603 972 4666; x_wconf 83' lang='lat' dir='ltr'>body</span> <span class='ocrx_word' id='word_1_398' title='bbox 983 4619 1033 4652; x_wconf 80' lang='lat' dir='ltr'>was</span> <span class='ocrx_word' id='word_1_399' title='bbox 1048 4603 1143 4652; x_wconf 69' lang='lat' dir='ltr'>estimet</span> <span class='ocrx_word' id='word_1_400' title='bbox 1155 4605 1202 4653; x_wconf 89' lang='lat' dir='ltr'>but</span> <span class='ocrx_word' id='word_1_401' title='bbox 1214 4610 1260 4654; x_wconf 85' lang='lat' dir='ltr'>not</span> <span class='ocrx_word' id='word_1_402' title='bbox 1277 4603 1395 4664; x_wconf 60' lang='grc' dir='ltr'>οιαιειΐαὶ,</span> <span class='ocrx_word' id='word_1_403' title='bbox 1408 4601 1458 4652; x_wconf 78' lang='lat' dir='ltr'>and</span> 
     </span>
    </p>
   </div>
   <div class='ocr_carea' id='block_1_8' title="bbox 0 0 1618 5184">
    <p class='ocr_par' dir='ltr' id='par_1_8' title="bbox 0 0 1618 5184">
     <span class='ocr_line' id='line_1_43' title="bbox 0 0 1618 5184; baseline 0 0"><span class='ocrx_word' id='word_1_404' title='bbox 0 0 1618 5184; x_wconf 95' lang='lat' dir='ltr'> </span> 
     </span>
    </p>
   </div>
  </div>
 </body>
</html>
