3225 5184
328 369 396 432 340
639 381 921 436 luooususuuus
944 377 1164 434 uolturium

194 559 246 600 us
255 558 285 599 ιι
329 542 473 602 sanctum
496 544 676 603 sanctorum
698 535 880 622 cooperiens
894 534 1071 600 ¹columnas
1092 533 1229 599 habebat
1248 532 1404 620 quinque
1454 530 1502 595 Et

172 607 310 783 θὲἓξύψ·
335 639 510 706 holocausti
528 639 638 720 altars,
653 639 787 706 altitudo
805 637 1015 728 [latitudoJ'
986 660 1056 725 ejus
1069 645 1138 703 erat
1149 635 1287 724 quinque
1298 634 1502 701 cubitorum

228 746 282 784 ¹¹¹
332 741 540 809 Sacerdotes
531 765 565 807 ιιι
583 765 688 808 cremo
709 741 800 808 electi
822 748 897 808 suut
917 742 1063 829 quinque,
1086 741 1204 806 scilicet
1224 740 1348 817 Aaron,
1366 738 1503 811 Nadab,

30 877 44 888 ·
165 823 318 940 ξῙ11111111
330 845 450 925 Abiud,
481 847 623 924 Eleazar,
651 853 686 912 et
714 844 1110 923 Ithamar.'1'alsris,ct
1144 843 1274 932 logium,
1304 851 1342 908 et
1371 842 1506 960 reliqua

167 941 268 1073 fflff,
259 942 310 1028 ill,
330 948 531 1015 sacerdotalis
545 949 730 1036 compositio
745 950 784 1015 de
799 949 935 1036 quinque
948 955 1100 1014 contexta
1111 955 1205 1013 sunt·
1228 946 1396 1012 habebunt
1411 947 1506 1010 enim

167 1036 273 1121 iixuoc
274 1081 316 1120 vm
331 1073 451 1131 aurum,
475 1059 508 1118 et
532 1051 746 1138 hyacinthum,
774 1059 808 1118 et
830 1073 1008 1138 purpuram,
1035 1059 1069 1116 et
1089 1049 1263 1126 coccinum,
1287 1057 1323 1113 et
1350 1048 1506 1134 byssum.

168 1131 274 1214 limen
275 1173 317 1212 ut
333 1155 379 1219 Et
399 1155 536 1241 quinque
555 1176 646 1242 reges
667 1155 955 1221 Amorrhaeorum
945 1177 979 1220 ιιι
1002 1153 1158 1241 speluncis
1178 1152 1371 1218 concludens
1394 1151 1507 1218 ,tosus

167 1267 211 1362 111
220 1267 303 1312 111·1
333 1257 421 1324 Nare
423 1257 548 1343 ,capitu
561 1279 669 1323 eorum
683 1258 831 1324 inculcari
845 1257 932 1323 dedit
945 1258 1070 1376 populo
1114 1257 1160 1323 Et
1172 1257 1235 1321 alia
1248 1278 1377 1343 quoque
1393 1257 1508 1321 multa

332 1361 428 1427 millia
441 1360 629 1480 hujusmodi,
641 1361 720 1428 etin
733 1362 794 1427 hoo
805 1382 944 1438 numero,
958 1370 991 1426 et
1005 1361 1039 1424 in
1053 1381 1115 1446 quo
1129 1359 1199 1446 quis
1212 1358 1401 1432 voluerit,
1369 1381 1446 1424 sive
1459 1382 1505 1424 ex

334 1465 553 1552 scripturis,
527 1487 592 1531 srve
606 1487 647 1531 ex
659 1465 893 1550 subjacentibus
906 1472 1027 1530 naturae
1041 1464 1186 1550 operibus
1199 1462 1347 1550 colligere
1366 1471 1504 1549 potest:

332 1577 366 1635 et
376 1591 439 1635 non
451 1571 518 1656 jam
529 1571 571 1634 ob
580 1569 640 1634 hoc
648 1568 784 1656 quinque
794 1569 921 1633 AEonas
935 1589 1005 1634 esse
1019 1567 1150 1633 dicimus
1162 1589 1255 1653 super
1267 1567 1504 1654 Demiurgum,

332 1695 391 1738 nec
413 1672 590 1760 quinionem
611 1671 700 1757 qussi
721 1679 757 1737 ut
778 1671 915 1736 divinam
932 1693 1000 1736 rem
1021 1670 1157 1757 aliquam
1178 1691 1418 1747 consecremus,
1442 1692 1506 1735 nec

333 1775 500 1856 instabilia,
520 1795 578 1842 nec
600 1774 803 1842 deliraments
821 1795 1007 1860 perranum
1028 1774 1126 1839 istum
1143 1773 1281 1838 laborem
1302 1773 1506 1838 confirmare

333 1885 504 1958 tentemus,
518 1899 619 1963 neque
637 1883 812 1944 creaturam
831 1877 911 1941 bene
924 1884 1066 1963 aptatam
1080 1898 1099 1941 a
1115 1876 1185 1942 Deo
1198 1873 1343 1962 cogimus
1362 1875 1457 1942 male
1471 1878 1506 1940 in

332 1989 425 2067 typos
449 2003 512 2047 non
533 1981 751 2047 exsistentium
772 1979 942 2060 transferri,
964 1988 998 2046 et
1022 1979 1118 2066 impia
1141 1987 1175 2044 et
1196 1979 1315 2044 nefaria
1339 1979 1506 2065 dogmate
1581 2062 1582 2065 Ἴ

333 2083 538 2164 introducere,
553 2105 625 2150 cum
646 2083 781 2149 detectio
802 2091 835 2151 et
855 2083 974 2150 eversio
995 2084 1036 2149 ab
1057 2082 1202 2148 olnnibns
1221 2103 1351 2148 sensum
1372 2083 1505 2150 hahen-
1581 2098 1582 2171 ,

333 2183 419 2250 tibus
432 2186 533 2270 possit
547 2185 706 2252 exsistere.

399 2291 431 2354 3.
475 2287 553 2369 Quis
578 2287 662 2353 enim
683 2288 835 2354 concedat
856 2288 904 2354 eis
929 2312 1056 2354 ccccxv
1071 2295 1195 2355 tantum
1217 2286 1285 2354 dies
1297 2286 1425 2356 habere
1441 2311 1503 2354 an-

334 2409 420 2468 num,
439 2399 475 2456 ut
495 2390 559 2456 sint
573 2389 736 2456 duodecim
750 2412 875 2457 menses
889 2414 909 2457 e
923 2391 1053 2479 triginta
1066 2392 1175 2456 diebus
1193 2390 1227 2455 in
1243 2398 1357 2476 typum
1375 2392 1502 2458 duode-

335 2495 397 2563 cim
411 2497 567 2576 AEonum,
580 2495 724 2561 dissimili
739 2504 771 2562 et
786 2504 862 2583 typo
882 2496 1077 2562 exsistente?
1098 2494 1167 2560 Illic
1181 2494 1263 2558 enim
1278 2497 1502 2584 unusquisqne

336 2601 477 2666 AEonum
502 2601 661 2666 tricesima
685 2621 759 2686 pars
781 2609 831 2666 est
856 2600 991 2666 universi
1016 2599 1215 2677 Pleromatis,
1240 2601 1361 2664 mensis
1386 2611 1500 2666 autern

335 2705 519 2771 duodecima
539 2727 613 2792 pars
633 2706 708 2770 anni
728 2706 768 2770 sb
789 2705 867 2793 ipsis
887 2727 956 2770 esse
977 2705 1100 2771 dicitur.
1138 2703 1174 2769 Si
1191 2703 1316 2790 quidem
1334 2725 1445 2771 snnns
1466 2707 1500 2769 in

336 2807 465 2895 triginta
485 2808 683 2887 divideretur,
701 2816 733 2873 et
754 2808 871 2874 mensis
886 2808 920 2872 in
933 2807 1107 2885 duodecim,
1122 2806 1309 2873 conveniens
1328 2815 1501 2892 putaretur

335 2918 429 2997 typus
443 2932 512 2976 esse
527 2911 688 2976 mendacio
703 2933 821 2977 corum.
866 2909 960 2976 Nunc
974 2919 1080 2975 autem
1093 2909 1126 2973 in
1139 2907 1331 2975 contrarium
1348 2909 1501 2975 Pleroma

336 3015 460 3101 quidem
475 3037 581 3080 eorum
596 3017 629 3080 in
646 3016 775 3103 trigints
789 3015 945 3093 dividitur,
962 3036 1035 3100 pars
1048 3021 1154 3079 autem
1168 3014 1238 3100 ejus
1251 3013 1357 3099 eliqua
1371 3013 1409 3080 in
1422 3015 1500 3080 duo·

336 3118 452 3184 decim:
464 3118 515 3184 hic
526 3125 632 3184 autem
641 3118 742 3183 omnis
752 3119 878 3205 quidem
888 3117 1044 3183 annns²in
1051 3117 1130 3182 duss
1141 3113 1338 3205 [duodecim]
1348 3116 1501 3182 dividitur

335 3228 450 3306 portes,
463 3241 536 3307 pars
550 3229 655 3286 autem
670 3222 738 3308 ejus
749 3219 853 3306 aliqua
866 3219 899 3284 in
913 3219 1053 3306 triginta.
1090 3217 1214 3283 Insulse
1228 3217 1336 3304 itaque
1352 3217 1501 3284 Salvator

335 3343 475 3388 mensem
498 3322 625 3409 quidem
650 3320 785 3387 universi
816 3321 1004 3388 Pleromatis
1031 3328 1142 3408 typum
1170 3319 1244 3385 iecit
1272 3319 1352 3398 fieri,
1377 3341 1500 3385 annum

335 3435 442 3493 autem
462 3427 530 3513 ejus
545 3447 615 3515 quse
636 3426 669 3491 in
685 3425 864 3492 Pleromate
877 3434 927 3492 cst
942 3424 1146 3491 duodecadis:
1163 3425 1266 3512 magis
1283 3425 1369 3489 enim
1382 3447 1499 3492 conve
1509 3457 1563 3495 crs

221 3577 224 3584 .
336 3531 443 3596 niebat
456 3552 572 3595 annum
588 3530 713 3617 quidem
728 3530 760 3594 in
775 3530 908 3616 triginta
921 3529 1068 3608 dividere,
1077 3529 1160 3594 sicut
1171 3535 1204 3594 et
1217 3536 1321 3593 totum
1330 3527 1498 3605 Pleroma,

335 3655 474 3699 mensem
496 3643 602 3699 autern
624 3633 657 3698 in
678 3633 853 3713 duodecim,
875 3635 957 3700 sicut
979 3641 1012 3700 et
1033 3642 1107 3699 sunt
1128 3633 1161 3697 in
1185 3633 1365 3698 Pleromate
1385 3655 1500 3699 eorum

337 3737 473 3802 AEones.
518 3735 564 3801 Et
584 3735 628 3801 illi
650 3736 775 3824 quidem
796 3759 889 3804 omne
906 3738 1053 3802 Pleroma
1074 3737 1108 3800 in
1128 3745 1194 3802 tres
1213 3737 1367 3816 dividunt,
1381 3736 1418 3802 id
1436 3749 1500 3816 est,

336 3841 369 3904 in
383 3840 624 3918 octonationem,
640 3847 673 3907 et
687 3839 846 3920 decadem,
862 3850 896 3906 et
912 3841 1133 3907 duodecadem.
1179 3841 1244 3906 Hic
1266 3848 1375 3906 antem
1393 3864 1500 3907 sunus

337 3943 370 4010 in
396 3951 531 4033 quatuor
566 3944 723 4024 dividitur,
750 3944 866 4025 idest,
892 3967 1031 4027 vernum,
1057 3954 1212 4026 sestatem,
1234 3952 1432 4024 autumnum,
1465 3958 1501 4014 et

339 4186 442 4237 obvious
459 4186 565 4237 division
585 4187 614 4236 ol
630 4186 731 4252 placing
749 4185 806 4236 four
824 4201 891 4236 com·
943 4187 1050 4236 number
1060 4186 1089 4236 of
1102 4186 1215 4237 columns
1233 4186 1317 4237 before
1333 4187 1378 4237 the
1394 4188 1459 4238 door
1475 4189 1507 4240 oi

338 4270 498 4318 mandments
509 4269 536 4318 in
547 4271 591 4319 tho
601 4270 657 4319 first
667 4269 742 4329 table,
755 4269 805 4318 and
816 4269 855 4317 six
865 4269 893 4317 in
944 4268 988 4318 the
1004 4269 1154 4330 tabernaclo,
1169 4269 1250 4318 Exod
1262 4270 1330 4319 xxvi.
1344 4282 1383 4332 37,
1401 4271 1505 4321 instcsd

339 4351 491 4400 thcseoond.
517 4352 570 4401 The
582 4351 667 4400 readcr
675 4351 839 4416 moyconsult
849 4352 894 4400 the
944 4352 974 4399 of
986 4352 1030 4400 tha
1047 4352 1159 4401 columns
1177 4354 1235 4402 that
1252 4353 1383 4418 separated
1400 4353 1441 4402 ou
1457 4355 1505 4404 the

339 4431 401 4495 long
422 4437 482 4481 note
504 4433 534 4482 of
555 4433 708 4482 Grmrsros
729 4433 756 4481 in
774 4432 893 4481 Guauu's
946 4433 1055 4498 Holyof
1068 4433 1163 4494 Holies,
1177 4450 1201 4483 v,
1214 4446 1253 4495 32.

340 4511 442 4561 edition.
993 4512 1051 4563 ’io
1067 4511 1139 4574 duos,
1160 4513 1205 4563 the
1221 4515 1375 4564 translator's
1393 4527 1444 4567 111.
1469 4519 1506 4584 hy

389 4589 398 4622 ¹
417 4591 543 4642 Inrssos
554 4594 588 4657 by
599 4593 705 4644 mistahe
716 4591 840 4644 describes
850 4594 894 4643 the
944 4595 1088 4644 mutilstion
1099 4596 1193 4662 having
1203 4597 1325 4662 appeared
1335 4613 1364 4646 as
1375 4608 1406 4647 11.
