3225 5184
340 373 407 437 344
739 380 916 435 scurnum
941 379 1090 444 munau,

205 557 258 600 ΒΒΒ
266 559 306 644 rs¹¹
356 539 438 608 3.
485 541 520 607 Si
543 547 650 606 autem
672 544 706 602 et
729 536 842 623 aliquis
862 557 924 601 non
942 529 1095 599 invenerit
1113 551 1240 597 caumm
1265 529 1419 594 omnium
1447 548 1531 614 quae

181 651 324 739 ⁰ffi¹s¹ffi¹ff¹¹
343 645 550 732 requiruntur,
577 641 695 729 cogitet
723 639 796 727 quia
817 639 912 704 homo
933 645 983 702 est
1004 636 1037 700 in
1058 636 1215 700 infinitum
1236 633 1342 697 minor
1364 631 1465 707 Deo,
1491 641 1531 694 et

184 746 397 835 —ffi-qui
411 770 451 812 ex
465 755 554 833 perte
573 743 729 860 acceperit
743 742 887 858 gratiam,
903 747 937 805 et
951 739 1005 826 qui
1026 738 1166 803 nondum
1179 735 1309 823 aequelie
1324 734 1377 798 vel
1392 733 1531 798 similis

341 850 385 914 sit
407 847 527 924 factori,
552 855 584 912 et
602 846 655 932 qui
676 843 815 910 omnium
833 841 1058 958 experientiam
1080 848 1114 905 et
1136 838 1377 954 cogitationem
1386 835 1531 900 habere

341 973 404 1016 non
419 950 528 1036 possit,
544 957 580 1014 ut
595 948 702 1012 Deus:
727 946 807 1012 sed
797 968 830 1010 ιιι
845 953 997 1031 quantum
1011 943 1113 1007 minor
1133 951 1182 1007 est
1202 943 1244 1005 ab
1260 961 1300 1004 eo
1321 940 1379 1026 qui
1404 940 1530 1003 factus

340 1075 405 1118 non
431 1060 489 1128 eet,
513 1059 547 1116 et
572 1050 625 1137 qui
651 1071 774 1134 semper
798 1047 881 1112 idem
904 1054 963 1122 eet,
990 1045 1042 1109 ille
1063 1045 1116 1130 qui
1150 1042 1243 1108 hodie
1268 1042 1375 1106 factus
1399 1049 1463 1104 est
1490 1049 1530 1104 et

342 1154 465 1219 initium
487 1153 617 1218 inctmse
639 1150 770 1236 aceepit,
794 1150 827 1213 in
848 1158 972 1213 tantum
996 1148 1168 1212 secundum
1192 1145 1370 1222 scientiam,
1406 1154 1450 1208 et
1479 1144 1529 1208 ad

343 1256 591 1343 investigandum
606 1275 717 1319 censes
731 1253 880 1330 omnium,
896 1252 1048 1315 minorem
1069 1271 1138 1315 esse
1159 1271 1197 1315 eo
1218 1249 1272 1336 qui
1294 1249 1385 1312 iecit.
1440 1247 1527 1311 Non

343 1361 427 1426 enim
448 1359 581 1432 inlectus
595 1381 639 1436 es,
655 1379 674 1422 ο
689 1357 792 1432 homo,
809 1376 910 1443 neque
924 1375 1048 1439 semper
1069 1351 1299 1418 ¹ooexsistebns
1312 1349 1401 1425 Deo,
1428 1351 1524 1415 siem

343 1461 502 1549 proprium
519 1461 588 1547 ejus
604 1459 764 1524 Verbum:
788 1457 845 1522 sed
865 1463 992 1542 propter
1014 1455 1204 1519 eminentem
1222 1451 1403 1517 bonitatem
1430 1455 1523 1538 ejm,

343 1587 426 1630 nunc
437 1564 560 1628 initium
575 1563 704 1627 facturae
718 1559 885 1645 accipiens,
897 1558 1012 1624 sedsim
1023 1557 1118 1623 discis
1131 1579 1152 1621 n
1161 1556 1268 1622 Verbo
1278 1553 1523 1640 dispositiones

342 1667 415 1745 Dei,
431 1667 484 1755 qui
499 1676 531 1732 te
544 1666 629 1732 lecit.

751 1989 853 2056 GAP.
877 1985 1095 2052 XXXVIII.

346 2159 508 2235 Osterrn'o
542 2158 716 2257 queniam
746 2156 974 2256 Demiurgus
1004 2183 1077 2231 non
1111 2155 1158 2230 sit
1191 2153 1513 2254 super-pressimus

348 2329 353 2338 ·
420 2290 544 2368 mente,
564 2303 678 2375 neque
692 2301 805 2375 super
822 2303 904 2350 eum
921 2274 1080 2349 alteram
1097 2272 1330 2347 divinitatem
1347 2299 1435 2347 cese.

345 2459 511 2524 Οιιιιιιιιιιι
539 2479 614 2544 ergo
646 2477 735 2522 serva
762 2465 826 2521 ture
851 2455 1001 2534 scientim,
1024 2462 1058 2519 et
1079 2475 1119 2520 ne
1140 2461 1178 2518 ut
1197 2455 1351 2519 bonorum
1372 2455 1508 2542 ignanrs

344 2561 652 2648 supertranscendae
674 2560 776 2645 ipsum
792 2560 906 2635 Deum,
929 2557 1097 2623 nonenim
1117 2557 1286 2623 cannulis
1308 2566 1377 2623 est:
1401 2579 1506 2644 neque

345 2686 438 2750 super
457 2663 663 2750 Demiurgum
686 2657 826 2748 requires
848 2660 922 2746 quid
946 2660 999 2738 eit,
1020 2682 1085 2725 uon
1106 2659 1190 2724 euim
1212 2659 1360 2725 invenies.
1410 2661 1505 2725 Inde-

346 2767 550 2832 termiuabilis
575 2775 624 2832 est
644 2766 729 2830 enim
750 2765 865 2829 artifex
888 2773 990 2828 tuusz·
1003 2786 1104 2849 neque
1125 2772 1274 2850 tanquam
1295 2764 1381 2828 hunc
1397 2772 1506 2828 totum

346 2891 472 2934 mensus
485 2870 539 2945 eis,
555 2877 587 2933 et
602 2877 751 2953 tanquam
773 2869 825 2953 qui
845 2889 900 2953 per
921 2889 1046 2931 omnem
1060 2869 1129 2953 ejus
1142 2868 1295 2932 fabricam
1314 2866 1448 2945 veneris,
1469 2877 1504 2932 et

346 2993 437 3035 omne
460 2970 542 3058 quod
556 2977 606 3034 est
626 2970 658 3033 in
678 2991 715 3034 eo
729 2972 926 3056 profundum,
950 2978 983 3035 et
1003 2970 1211 3049 altitudinem,
1227 2979 1260 3034 et
1273 2969 1505 3055 longitudinem

345 3071 596 3166 consideraveris,
618 3095 711 3158 super
733 3073 835 3159 ipsum
850 3074 947 3137 alium
967 3075 1128 3161 excogites
1142 3080 1276 3160 patrem.
1320 3073 1394 3138 Non
1417 3074 1504 3138 enirn

345 3174 550 3263 excogitabis,
573 3175 629 3240 sed
648 3184 758 3241 contra
772 3184 918 3241 naturam
931 3167 1157 3254 sentienseris
1170 3176 1337 3262 insipiens:
1361 3184 1396 3240 et
1417 3177 1448 3240 si
1468 3177 1503 3242 in

345 3279 405 3343 hoc
414 3279 663 3364 perseveraveris,
679 3279 796 3344 incides
807 3279 839 3343 iu
854 3279 1014 3359 insaniam,
1024 3279 1233 3345 sublimiorem
1246 3279 1381 3366 teipsum
1392 3279 1503 3345 melin-

345 3403 473 3470 remque
488 3382 604 3448 lectore
618 3391 674 3447 tuo
687 3381 896 3480 exsistimnns,
910 3391 943 3448 et
957 3382 1058 3470 ²quod
1073 3391 1268 3469 pertranseas
1281 3403 1379 3469 regna
1391 3384 1472 3468 ejus.

395 3599 405 3632 ¹
423 3601 454 3648 In
465 3600 570 3648 sllusion
581 3603 608 3647 to
619 3597 900 3659 theAEon,'Ardperer,
949 3595 1119 3645 molliciei·
1132 3595 1221 3656 Ferre,
1238 3595 1282 3644 on
1298 3594 1344 3644 dae
1361 3595 1440 3645 ledan
1459 3596 1502 3645 do

347 3681 390 3729 the
408 3679 493 3727 Adsm
512 3679 624 3727 Csdmou
637 3679 666 3725 ol
679 3678 722 3726 the
740 3677 857 3737 (lebbals,
874 3695 900 3742 p.
949 3677 1104 3738 mergare»
1127 3676 1204 3726 Gora
1226 3677 1280 3726 dan
1302 3677 1431 3726 um
1451 3693 1502 3726 ner

351 3775 404 3822 134,
417 3775 442 3808 n.
457 3774 479 3808 n.
514 3759 547 3808 So
566 3757 736 3806 Hieromus
747 3773 804 3821 says
816 3758 844 3806 of
858 3759 902 3807 the
951 3757 1015 3807 mle
1030 3757 1342 3820 pebrmltmdosleaste
1353 3758 1383 3807 ia
1395 3760 1500 3808 aare·

347 3841 487 3892 Nmsenee
508 3855 537 3888 or
558 3837 677 3902 Ophites:
703 3839 846 3898 Nunncnvol
864 3842 903 3888 dr·
951 3839 1027 3888 licler
1037 3840 1160 3891 Fortu...
1173 3840 1224 3889 Der
1239 3840 1501 3902 neormam«

348 3925 442 3986 θρωτιιι
464 3921 565 3970 καλοῦσι
586 3921 630 3979 τὴν
652 3921 750 3982 πρώτη]
770 3921 819 3969 τῶν
840 3923 903 3970 ὅλων
950 3922 1081 3984 erigerem
1092 3921 1130 3970 alr
1140 3921 1187 3970 dne
1201 3922 1497 3984 Urtadderramauetr,

348 4001 609 4067 ἀρχὴν,τὸνιιῦτὸνκαὶ
621 4003 812 4063 oltemperet».
831 4002 900 4053 Plril.
951 4002 996 4052 der
1016 4004 1169 4066 Mr'ttelpunct
1191 4004 1254 4052 aller
1276 4005 1439 4068 Offmdensp
1457 4007 1500 4056 der

348 4097 375 4136 x.
388 4101 412 4150 9.
448 4086 534 4134 Puluo
551 4084 603 4132 also
619 4083 686 4132 drew
697 4083 761 4132 from
778 4084 903 4133 thesemo
948 4085 1075 4147 ptuliclen
1093 4085 1189 4146 dedan,
1208 4086 1255 4136 dee
1275 4088 1354 4137 weita
1374 4087 1499 4138 meteret

348 4183 442 4227 source,
462 4183 490 4215 ιιιι
507 4166 641 4215 Nraunuu
659 4166 704 4216 hae
722 4172 767 4215 not
783 4166 857 4216 fniled
874 4171 902 4216 to
951 4167 1006 4216 und
1032 4167 1234 4218 indiuidsals‘airt
1260 4169 1377 4219 ermhcint
1402 4169 1431 4219 ia
1454 4171 1500 4220 der

348 4250 458 4298 observe.
493 4248 546 4298 Der
558 4248 657 4298 Marcel
672 4249 703 4297 int
715 4249 766 4297 also
781 4247 902 4297 danild
951 4248 1497 4312 Menumderutymbodervmct,

348 4329 401 4378 und
412 4330 457 4378 der
467 4327 583 4379 Abdmtek
593 4329 657 4378 eines
671 4329 838 4378 limatorum
849 4329 903 4378 und
951 4330 1100 4379 dirarulisele
1111 4331 1218 4392 Monere,
1232 4331 1302 4382 ΖιεΙι.
1314 4333 1349 4383 vi.
1360 4347 1389 4382 ιι
1401 4333 1431 4381 id
1440 4333 1498 4384 lein

347 4409 435 4472 ernipen
448 4409 598 4472 Offendnnn
612 4410 657 4458 der
668 4410 824 4472 memmae
839 4409 901 4458 eon·
951 4410 1370 4474 Ptieuanpuetlestrdimldoe.
1381 4413 1495 4464 Oeam

348 4491 403 4552 lecit,
428 4493 475 4541 dar
496 4491 658 4542 Merurllieloe
684 4492 730 4540 roll
756 4491 902 4553 mmiclt
954 4505 991 4553 ¹5-
1021 4493 1494 4555 Evndsoiszed.Gen.iii.co,LXX.

348 4573 448 4632 werden,
463 4573 625 4635 Offrnbnrunp
633 4571 759 4635 mutulen
771 4571 860 4621 belem
873 4573 902 4621 iu
1000 4571 1012 4604 ¹
1028 4575 1067 4622 καὶ
1080 4574 1263 4636 ὑπερβαίνοντα.
