3225 5184
649 406 885 461 nmnsrrcm.
1296 392 1338 458 25

185 568 387 651 μεμηνῦσθαι
410 576 482 644 τοῖς
501 576 618 638 συνιεῖν
642 564 826 651 δυναμένοις
843 562 954 645 οὕτως·
980 566 1057 644 τοὺς
1074 564 1200 651 μὲν
1158 595 1227 665 7⁰9
1246 564 1342 667 appui.
1363 581 1440 667 pppp
1449 581 1493 667 pp

1353 675 1450 715 BASSI.
1455 675 1505 713 iiii.

187 710 289 751 κοντα
300 677 431 756 Αἰῶνας
445 681 646 764 μεμηνῦσθαι
665 678 718 751 dui
730 685 797 753 τῶν
813 676 996 780 τριάκοντα
1013 682 1096 752 ε’τῶν
1109 683 1170 758 ἐἰς
1187 681 1343 778 προέφα-

188 822 254 876 μεν,
272 794 306 862 ε’ν
325 789 372 868 nir
392 790 482 862 oridia
496 793 529 863 ἰν
547 799 684 892 φανερῷ
697 789 866 892 φάσκουσι
885 793 1093 875 πεποιηκέναι
1111 791 1173 863 τὸν
1190 793 1341 892 Σωτῆρα,

188 905 241 975 καί
261 903 314 974 διὰ
330 911 389 986 τῆς
408 907 609 1003 παραβολῆς
627 909 692 977 τῶν
709 906 862 1002 ἐργατῶν
878 910 942 976 τοῦ
960 906 1163 989 ἀμπελῶνος.
1193 904 1264 974 Καὶ
1282 903 1343 976 τῶν

106 1044 112 1056 ·
191 1017 331 1089 Παῦλον
356 1019 580 1117 φανερώτατα
604 1017 745 1107 λέγουσι
767 1015 891 1089 τούσδε
910 1017 1040 1095 Αἰῶνας
1062 1014 1235 1117 ὀνομάζειν
1258 1026 1344 1088 πολ-

188 1126 290 1214 λάκις,
315 1130 366 1200 ἔτι
389 1127 424 1199 δὲ
442 1128 496 1199 καί
515 1128 576 1212 τῆν
594 1126 692 1222 τάξιν
711 1130 817 1200 αιίτῶν
834 1131 1042 1228 τετηρηκέναι
1069 1128 1170 1207 οὕτως
1194 1130 1343 1214 εἰπόντα,

189 1244 232 1317 εἰς
257 1239 368 1318 πάσας
387 1239 448 1318 τὰς
468 1239 580 1333 γενεὰς
598 1246 664 1312 τῶν
686 1243 805 1313 αἰώνων
822 1246 884 1313 τοῦ
902 1245 1025 1320 αἰῶνος·
1070 1239 1163 1312 άλλὰ
1185 1241 1238 1313 καί
1262 1245 1344 1325 ἡμᾶς

190 1354 264 1424 ’ἐπὶ
288 1362 346 1436 τῆς
372 1355 585 1452 εὐχαριστίας
610 1354 783 1444 λέγοντας,
812 1356 855 1429 εἰς
877 1354 954 1431 τοῦς
978 1358 1092 1431 αἰῶνας
1119 1359 1187 1425 τῶν
1214 1356 1342 1438 αἰώνων,

189 1466 323 1543 ἕκείνους
340 1465 417 1542 τοὺς
434 1469 549 1543 αἰῶνας
566 1466 740 1549 σημαίνειν·
769 1466 823 1536 καί
841 1467 928 1537 ὅπου
949 1463 990 1537 άν
1007 1465 1084 1537 οἰῶν
1103 1462 1122 1550 ἢ
1141 1469 1249 1541 αἰῶνες
1272 1469 1345 1537 ὀνο·

188 1576 364 1680 μάζονται,
377 1578 439 1661 τῆν
457 1575 633 1677 ἀναφορὰν
649 1580 692 1654 εἰς
711 1579 845 1654 ἐκείνους
864 1577 942 1649 εἰναι
963 1579 1110 1650 θέλουσι.
1142 1578 1214 1661 Τῆν
1233 1575 1269 1647 dd
1285 1586 1344 1659 τῆς

190 1687 366 1768 εἰωὸεκάιίος
384 1695 451 1762 τῶν
466 1689 600 1761 Αἰώνων
617 1690 795 1789 προβολὴν
813 1691 998 1774 μηνάεσθαι,
1017 1688 1070 1761 διὰ
1087 1696 1151 1762 τοῦ
1164 1687 1344 1772 tatemer&

191 1804 273 1875 ὅντα
298 1802 360 1875 τὸν
383 1802 508 1902 Κύριον
537 1800 748 1899 διαλεχθῆναι
774 1813 847 1880 τοῖς
875 1800 1176 1885 νομοῶιιίασκάλοις,
1204 1802 1259 1872 καί
1291 1800 1343 1873 ded

190 1922 248 1997 τῆς
269 1919 335 1986 τῶν
349 1914 579 1986 Ἀποστολων
596 1916 744 2005 ἐκλογῆς·
775 1912 896 1984 δώδεκα
918 1913 986 2014 γὰρ
1007 1914 1236 1985 Ἀπόστολοι.
1272 1914 1344 1985 Καὶ

191 2110 359 2177 Salvatore
380 2133 440 2198 per
461 2111 630 2197 parabolas
646 2118 774 2177 ostensa
788 2110 837 2193 iis,
855 2111 909 2197 qui
925 2118 1058 2197 possunt
1074 2110 1262 2197 intelligere,
1279 2112 1344 2178 sio:

189 2211 326 2299 triginta
342 2212 466 2277 AEonas
482 2210 653 2298 significari
669 2232 729 2297 per
747 2211 884 2297 triginta
898 2234 1011 2288 annos,
1029 2211 1112 2276 sicut
1129 2211 1343 2296 praediximus,

190 2310 223 2375 in
241 2311 354 2397 quibus
379 2310 456 2375 nihil
480 2310 514 2375 in
530 2310 700 2377 manifesto
725 2309 837 2377 dieunt
858 2311 968 2377 ieoisse
992 2311 1211 2387 Salvatorem;
1237 2319 1272 2375 et
1288 2332 1346 2395 per

189 2410 374 2496 parabolam
408 2409 624 2496 operariorum
657 2410 767 2476 vineae.
837 2411 884 2475 Et
918 2410 1056 2476 Paulum
1091 2410 1491 2475 manifestissimam

191 2509 302 2574 dicunt
329 2509 453 2574 AEonas
479 2510 644 2574 nominare
672 2508 855 2595 saepissime,
884 2511 988 2575 adhuc
1017 2510 1115 2575 etiam
1142 2516 1176 2574 et
1201 2510 1344 2575 ordinem

191 2608 331 2694 ipsorum
355 2630 490 2681 servaro,
516 2610 562 2673 sio
584 2609 757 2674 dicentem:
784 2614 826 2675 Ιιι
843 2611 1002 2676 uniuersos
1015 2610 1221 2695 perorationes
1236 2611 1347 2673 ιααιύί
1358 2622 1487 2673 Brutia!-

190 2712 379 2774 ιαουύοταια.
428 2710 492 2774 Sed
507 2717 542 2773 et
559 2730 617 2773 nos
639 2708 724 2794 ipsos
747 2710 884 2796 denique
909 2710 941 2773 in
966 2709 1144 2795 gratiarnm
1169 2707 1347 2773 actionibus

192 2805 343 2885 dieentes,
370 2830 472 2874 αοααι
496 2829 623 2882 cernam,
650 2808 719 2873 illos
746 2810 870 2875 AEonas
894 2809 1091 2896 significare:
1117 2814 1151 2874 et
1167 2806 1347 2893 ubicunque

192 2907 281 2971 AEon
298 2916 355 2974 aut
373 2909 495 2973 AEones
512 2908 726 2983 nominantur,
745 2908 777 2973 in
797 2909 868 2973 ilios
888 2910 922 2974 id
948 2908 1060 2973 referri
1083 2908 1203 2974 volunt.
1256 2906 1348 2972 Duo-

192 3006 319 3071 decadis
348 3014 457 3073 antem
484 3008 626 3072 AEonnm
649 3007 848 3073 emissionem
873 3008 1085 3095 significatam
1110 3006 1234 3093 perid,
1261 3008 1347 3091 quod

192 3106 358 3171 duodecim
385 3129 540 3171 annorum
568 3107 708 3171 existens
737 3108 894 3173 Dominus
927 3107 1137 3192 disputaverit
1170 3129 1243 3171 eum
1270 3107 1411 3218 legistae
1419 3123 1442 3161 ν
1451 3124 1476 3162 ιι

192 3204 385 3284 doctoribus,
416 3215 450 3272 et
479 3228 537 3293 per
563 3205 793 3292 Apostolorum
823 3207 1030 3271 electionem.
1066 3206 1233 3271 duodecim
1263 3180 1486 3270 enimausvrrn

240 3389 310 3441 ¹drr
331 3392 477 3454 τροέφαμεν.
513 3391 593 3453 86αὲ
612 3406 622 3439 1
646 3392 696 3441 and
720 3406 741 3440 a.
795 3394 822 3442 δὲ
839 3393 894 3454 θεώ
909 3394 990 3455 Πατρί
1008 3394 1048 3441 καί
1064 3394 1114 3453 ‘rto
1129 3392 1166 3452 τῶ
1182 3391 1265 3453 Κυρίῳ
1283 3390 1350 3450 ἡμῶν

192 3473 295 3522 xxxviii.
791 3472 877 3533 Ἰησοῦ
893 3474 1000 3535 Χριστῷ,
1020 3475 1064 3523 σῦν
1079 3475 1115 3533 rai
1132 3472 1195 3533 ἁγίῳ
1216 3474 1348 3535 Πνεύματι,

240 3550 252 3579 ¹
269 3555 309 3604 ἐπὶ
319 3556 363 3615 τῆς
374 3555 534 3617 εὐχαριστίας.
569 3554 647 3604 Tbese
664 3554 744 3603 words
794 3556 853 3615 δόξα
867 3556 907 3603 rai
922 3555 1008 3616 κράτος
1024 3557 1056 3604 εἰς
1071 3556 1127 3604 τοῦς
1138 3556 1224 3603 αἰῶνας
1234 3555 1283 3602 τῶν
1294 3556 1349 3603 ciri·

191 3634 254 3683 need
262 3641 308 3685 not
318 3636 347 3685 of
360 3638 482 3700 necessity
492 3638 647 3686 refertothe
659 3638 744 3686 Sacra-
794 3655 846 3695 νων,
862 3637 931 3696 dcte.
966 3634 1350 3699 Heelsoqnotesthechristian

192 3726 262 3770 ment
284 3721 313 3770 oi
336 3722 379 3770 the
407 3721 478 3785 Holy
505 3720 647 3770 Eucharist.
692 3722 745 3771 'I'he
794 3719 915 3767 historian
926 3719 1350 3783 Armcsnns,asreferringtothe

192 3803 328 3852 translator
343 3803 388 3852 hae
403 3803 430 3851 iu
446 3803 585 3865 μιαιίιιτνινι
602 3802 742 3863 adm-eiua,
794 3802 929 3850 traditione
960 3800 989 3849 of
1018 3816 1035 3848 a
1060 3800 1184 3865 primitive
1212 3800 1349 3863 antiquity,

193 3886 234 3933 ἐπὶ
249 3888 301 3934 ταῖς
316 3886 492 3949 ςύχαριστίαιςς
509 3885 567 3944 and,
585 3886 610 3933 in
626 3885 685 3945 fact,
702 3886 746 3934 the
795 3881 876 3929 where
887 3882 919 3928 he
929 3896 994 3944 says,
1009 3881 1075 3939 ἡμεῖς
1086 3882 1134 3942 γὰρ
1146 3883 1167 3929 oi
1180 3880 1292 3941 κᾴκεύνωι
1301 3882 1351 3928 τῶν

192 3965 273 4013 words
288 3965 317 4013 of
329 3967 372 4014 the
386 3966 492 4029 Apostle
506 3981 570 4015 were
585 3971 613 4015 at
627 3982 660 4014 en
678 3966 746 4029 early
795 3964 908 4026 ῥημάτων
923 3965 952 4011 τὸ
967 3965 1055 4025 μέτρον
1069 3962 1231 4020 ἐπιστάμενοι,
1250 3962 1350 4021 καὶτῆς

192 4060 239 4109 age
256 4046 429 4111 incorporated
447 4046 474 4095 in
492 4048 534 4095 the
552 4047 704 4111 Doxologies
721 4047 749 4095 of
796 4043 900 4091 πίστεως
922 4044 964 4089 ούκ
987 4042 1125 4101 ἀγνοοῦντες
1146 4041 1192 4101 τὴν
1212 4043 1290 4103 χάριν,
1314 4042 1349 4088 εύ-

191 4128 235 4177 the
253 4128 361 4178 Charch.
395 4143 441 4191 cp.
463 4128 488 4177 S.
502 4128 584 4177 Basra
599 4134 687 4192 quotes
703 4128 746 4176 the
796 4124 956 4186 κομποῦμεν
972 4124 1009 4182 τῷ
1024 4124 1203 4185 παρασχομένῳ
1219 4123 1269 4171 τοῖς
1284 4122 1349 4171 ἰδίοις

192 4209 273 4257 words
291 4210 320 4258 os
334 4210 485 4258 Drosrsrus
501 4210 543 4261 Al.
562 4209 592 4258 de
607 4210 631 4259 S„
648 4210 690 4274 Sp.
706 4220 744 4271 72.
796 4206 852 4265 ἡμῖν
874 4204 953 4265 Πατρι
974 4204 1016 4251 τὸν
1037 4203 1085 4251 τῶν
1106 4206 1168 4251 tter
1186 4204 1291 4266 Σωτῆρα
1308 4202 1349 4251 καὶ

193 4292 292 4351 τούτοις,
306 4292 374 4353 φησί,
389 4292 464 4340 πᾶσιν
475 4292 609 4340 ἀκολούθως
620 4292 660 4339 καὶ
670 4291 743 4349 ἡμεῖς,
798 4288 886 4348 Κύριον
900 4285 966 4344 ἡμῶν
979 4284 1076 4344 Ἰησοῦν
1092 4284 1206 4346 Χριστόν·
1223 4283 1243 4344 ὦ
1253 4284 1270 4343 ἡ
1281 4285 1346 4344 δόξα,

194 4372 234 4420 καί
250 4372 279 4431 δὴ
296 4374 363 4434 παρὰ
377 4374 426 4419 τῶν
441 4372 487 4434 τρὸ
500 4371 567 4430 ἡμῶν
578 4373 748 4435 πρεσβυτέρων
795 4368 957 4429 μεγαλωσύνη
971 4368 1015 4415 σῦν
1030 4366 1092 4427 ἁγίῳ
1107 4366 1228 4423 Πνεύματι
1246 4367 1278 4414 εἰς
1295 4366 1349 4414 τοῦς

192 4454 269 4500 τύπον
279 4453 320 4500 καί
331 4452 417 4501 κανόνα
426 4452 609 4514 παρειληφύτει,
621 4452 747 4513 ὁμοφώνως
797 4452 889 4498 aldeae.
921 4448 945 4496 S.
959 4446 1042 4496 Bssln
1053 4447 1114 4494 then
1124 4444 1231 4494 adduces
1241 4446 1284 4495 the
1295 4462 1349 4495 ves·

194 4534 273 4583 adroic
294 4535 561 4595 τροσενχιιριστοῦντις·
591 4534 631 4581 rai
653 4534 682 4592 δὴ
707 4534 747 4581 καί
796 4530 963 4595 perLandas
977 4532 1020 4589 τῆι
1036 4528 1348 4589 ἐτιλνχνίουεύχαριστύας.

193 4614 234 4661 νῦν
245 4614 297 4672 ύμῖν
308 4616 493 4665 ἐπιστέλλοντες
505 4614 684 4673 καταταύομεν·
713 4615 749 4673 τῷ
795 4612 877 4661 There
898 4612 919 4660 is
940 4625 975 4659 no
995 4610 1128 4673 necessity,
1151 4608 1281 4668 therefore,
1310 4607 1350 4655 for
