3225 5184
583 430 802 485 serenans.
1225 417 1271 488 51

121 583 181 667 'riv
205 587 261 655 ἀπ’
286 587 387 658 ahot
416 589 532 686 ψυχὴν
560 589 698 690 σπαρὲν,
721 593 774 662 καὶ
795 596 839 669 εἰς
856 591 900 664 τὸ
917 592 1027 665 ὖλικδν
1044 599 1150 666 τοῦτο
1168 599 1273 680 σῶμα,
1295 629 1433 670 manum.

120 697 326 796 κυοφορηθδν
351 701 383 770 εὐ
408 703 541 780 τούτοις
562 703 615 773 καί
635 703 780 799 αὕξηθδν,
804 707 940 789 ἕτοιμον
962 708 1098 798 γένηται
1127 710 1170 784 εἷς
1194 710 1275 780 rino·
1287 677 1438 764 mill-ih

122 807 222 905 δοχὴν
258 817 321 882 τοῦ
354 814 503 884 ιτελείου
532 810 692 921 [λόγον]
730 815 885 889 *Ελαθεν
914 817 976 903 οδν,
1007 823 1048 898 ὡς
1084 819 1183 919 φασί,
1212 818 1274 893 τδν

121 923 335 1022 Δημιουργδν
372 928 390 996 ὁ
428 929 723 1027 συγκατοσπαρείο
753 937 803 1020 τῷ
836 932 1052 1030 ἔμφνσήματι
1081 932 1185 1003 αὑτοῦ
1208 933 1273 1005 iord

119 1043 178 1117 τῆς·
198 1033 332 1135 Σοφίας
352 1037 567 1122 πνευματικὸς
589 1042 770 1139 ἀνθρώπων
794 1038 1008 1148 [ἅνθρωποι]
1033 1043 1166 1142 ἆῤῥῆτῳ
1186 1040 1271 1151 [adp.

121 1144 248 1231 δυνάμει
279 1143 352 1253 roi]
376 1153 527 1250 προνοίᾳ.
562 1153 620 1230 Ὠς
640 1152 708 1252 γὰρ
728 1155 789 1237 τὴν
807 1157 934 1254 μητέρα
966 1158 1164 1248 ἠγνοηκέναι,
1187 1156 1273 1228 οὕτω

120 1260 173 1330 καί
203 1258 246 1330 τδ
275 1263 410 1361 σπέρμα
440 1265 545 1347 αὐτῆς·
581 1265 599 1336 h
626 1264 663 1348 δὴ
692 1267 745 1337 καὶ
778 1265 861 1339 αὐτὸ
898 1269 1073 1352 ἐκκλησίαν
1109 1269 1188 1339 εἶναι
1218 1271 1274 1339 λε’-

121 1400 246 1464 γονσιν,
267 1373 447 1446 ἀντίτυπον
463 1384 522 1458 τῆς
539 1375 602 1448 ἅνω
623 1378 833 1461 Ἐκκλησίας·
859 1381 912 1452 καὶ
935 1381 1020 1453 τότε
1037 1377 1174 1486 [τόνδε]
1192 1381 1270 1452 εἶναι

44 1539 49 1549 .
121 1483 182 1556 τδν
200 1486 232 1554 ἕν
252 1487 360 1563 αὐτοῖς·
380 1483 592 1594 [ἄνθρωπον]
611 1489 769 1584 ἀξιοῦσιν,
790 1491 881 1564 ὥστε
897 1495 985 1590 ἔχειν
1002 1493 1116 1569 αὖτοὺς
1135 1494 1195 1575 τὴν
1213 1491 1273 1575 μὲν

121 1597 237 1693 ψυχὴν
254 1596 323 1669 (iord
342 1606 405 1670 τοῦ
420 1602 643 1700 Δημιουργοῦ,
673 1603 717 1676 τὸ
747 1602 782 1674 δὲ
808 1610 902 1688 σῶμα
929 1604 998 1676 ἆπδ
1022 1611 1085 1676 τοῦ
1108 1603 1198 1701 xoris,
1218 1606 1272 1675 καὶ

121 1707 164 1781 τδ
181 1709 337 1808 σαρκικδν
356 1711 424 1782 ιἰπδ
444 1721 501 1795 τῆς
518 1713 603 1799 ὕλης,
623 1716 684 1786 τδν
710 1715 744 1786 δὲ
765 1720 984 1800 πνευματικὸν
1006 1717 1179 1816 ἄνθρωπον
1202 1717 1271 1786 (ind

120 1830 178 1905 τῆς
194 1821 318 1922 μητρὸς·
336 1833 392 1906 τῆς
413 1825 587 1921 Ἀχαμῶθ.

200 1955 255 2004 11.
307 1936 437 2035 αΤριιῗιν
463 1937 516 2008 orio
542 1941 651 2024 ὅντων,
675 1940 718 2012 τδ
743 1939 803 2024 μὲν
829 1941 986 2024 ὑλικὸν,δ
1011 1943 1064 2013 καὶ
1093 1941 1366 2042 &persephonem

121 2053 269 2130 καλοῦσι,
293 2047 380 2120 κατὰ
410 2050 553 2142 ἀνάγκην
585 2053 801 2124 ἆπολλυσθαι
831 2055 998 2145 λέγουσιν,
1030 2053 1092 2126 ὅτε
1115 2053 1274 2138 μηδεμίαν

122 2157 336 2252 ἐπιδέξασθαι
364 2165 464 2245 πνοῆν
491 2163 685 2262 ἀφθαρσίας
712 2163 893 2249 δυνάμενον·
933 2165 976 2237 τὸ
1006 2165 1040 2236 δὲ
1070 2167 1227 2264 ψυχικὸν,
1255 2169 1273 2238 ὃ

121 2271 174 2342 roi
193 2268 298 2366 δεξιὸν
315 2277 632 2374 προσαγορεύουσιν,
657 2273 720 2346 ἅτε
738 2279 843 2360 μέσον
861 2277 899 2348 δν
918 2285 982 2348 τοῦ
999 2311 1039 2350 τε
1056 2286 1275 2362 πνευματικοῦ

122 2443 204 2499 esset
222 2435 359 2500 animam
376 2435 576 2512 seminatum,
596 2447 629 2502 et
650 2438 683 2500 in
707 2435 950 2503 materiale'hoo
971 2463 1094 2525 eorpus,
1113 2450 1275 2527 gestatum

122 2555 248 2620 quoque
264 2535 350 2600 velut
376 2536 408 2600 in
431 2545 523 2601 utero
550 2538 580 2601 in
605 2537 642 2600 iis
668 2545 701 2602 et
727 2539 966 2621 amplificatum,
992 2551 1139 2624 paratum
1157 2541 1274 2605 fiatad

121 2633 349 2719 susceptionem
373 2637 523 2720 perfectae
548 2637 688 2702 rationis.
743 2637 855 2701 Latuit
881 2637 989 2722 igitur,
1008 2639 1275 2722 quemadmodum

121 2732 241 2805 dieunt,
272 2733 481 2821 Demiurgum
508 2737 741 2801 conseminatus
773 2736 978 2800 insufflationi
1010 2737 1079 2822 ejus
1106 2760 1127 2801 a
1155 2737 1275 2821 Sophia

121 2831 272 2916 spiritalis
285 2833 388 2906 homo,
406 2835 607 2900 inenarrabili
626 2836 744 2900 virtute
762 2843 796 2899 et
811 2835 1020 2920 providentia.
1061 2836 1275 2912 Quemadmo-

121 2931 198 2995 dum
223 2932 306 2996 enim
326 2933 467 2998 Matrem
492 2956 581 2999 suam
603 2935 768 3021 ignoravit,
786 2936 832 2999 sio
857 2947 890 3000 et
916 2958 1023 3000 semen
1049 2936 1126 3021 ejus.
1179 2936 1273 3012 Quod

120 3031 219 3095 etiam
234 3031 337 3116 ipsum
354 3033 526 3098 Ecclesiam
553 3057 620 3099 esse
643 3033 764 3108 dicunt,
783 3035 962 3120 exemplum
978 3035 1148 3119 superioris
1166 3035 1274 3100 Euole-

120 3129 195 3194 siae:
221 3139 254 3196 et
280 3130 363 3197 huno
388 3155 455 3198 esse
481 3132 513 3196 in
539 3132 715 3218 semet-ipsis
739 3133 899 3197 hominem
923 3134 1041 3206 volunt,
1060 3134 1108 3198 uti
1134 3133 1275 3198 habeant

120 3229 258 3295 animam
274 3231 401 3316 quidem
419 3255 439 3298 a
457 3232 641 3318 Demiurge,
659 3255 771 3317 eorpus
788 3239 897 3296 autem
921 3253 941 3294 a
963 3233 1049 3307 limo,
1069 3241 1102 3296 et
1125 3254 1275 3295 carneum

121 3348 142 3392 a
158 3331 301 3406 materia,
319 3332 492 3416 spiritalem
512 3354 585 3396 vero
603 3331 762 3396 hominem
777 3353 796 3396 a
813 3339 917 3394 matre
935 3329 1129 3395 Achamoth.

199 3431 250 3495 11.
304 3431 385 3494 Cum
402 3431 465 3496 sint
487 3431 585 3518 igitur
606 3431 677 3510 tria,
703 3431 839 3494 alterum
865 3429 1029 3494 materiale
1052 3430 1152 3513 (quod
1178 3429 1275 3493 etiam

121 3527 283 3594 sinistrum
294 3535 424 3614 vocant)
435 3553 474 3594 ex
487 3531 675 3595 necessitate
691 3529 794 3614 perire
808 3529 927 3603 dieunt,
939 3527 1056 3614 quippe
1068 3550 1140 3594 oum
1157 3529 1276 3594 nullam

121 3626 327 3712 spirationem
351 3629 572 3715 incorruptelae
595 3629 734 3714 recipere
760 3629 880 3714 possit:
907 3627 1051 3693 Animale
1070 3650 1147 3693 vero
1175 3629 1276 3714 (quod

121 3725 217 3792 etiam
229 3729 378 3794 doxtrum
389 3731 565 3816 appellant)
579 3751 650 3794 oum
660 3729 702 3792 sit
719 3727 856 3792 medium
874 3727 1024 3814 spiritalis
1042 3735 1076 3794 et
1092 3728 1275 3805 materialis,

121 3887 164 3936 the
184 3887 326 3952 Demiurgo,
339 3905 367 3938 as
385 3889 460 3952 being
477 3887 576 3950 animsl,
599 3890 672 3938 could
726 3889 836 3936 Trinitas
868 3889 985 3937 Hominis
1010 3889 1080 3951 apud
1112 3888 1274 3936 Valentinum.

121 3969 184 4017 hare
194 3985 228 4018 no
238 3971 392 4033 oogniaanoe,
402 3985 453 4019 was
460 3970 564 4033 secretly
575 3971 671 4019 infnsed
725 3970 827 4017 Proeorr.
840 3969 909 4017 Ηστ.
920 3982 941 4029 7.
976 3969 1030 4017 The
1040 3969 1187 4017 translation
1200 3969 1222 4015 is
1233 3983 1277 4030 my

120 4051 175 4100 into
185 4051 245 4112 him,
256 4051 305 4100 and
317 4053 351 4116 by
362 4053 412 4100 this
423 4069 508 4100 means
519 4053 606 4115 psssod
618 4053 672 4100 into
724 4050 853 4112 authority
863 4050 902 4096 sor
912 4049 1015 4111 reading
1026 4051 1180 4107 ἐπιδέξασθαι
1190 4049 1216 4095 in
1227 4047 1277 4095 lieu

121 4133 164 4181 the
185 4133 273 4197 living,
303 4133 398 4197 though
425 4134 555 4182 otherwise
580 4133 673 4182 animai
725 4131 753 4179 of
767 4131 939 4188 ἐπιδείξασθαι.
974 4130 1027 4176 'l'hs
1041 4129 1128 4176 rsader
1141 4145 1201 4191 may
1211 4143 1275 4175 com·

120 4215 186 4262 souis
197 4215 254 4263 that
265 4216 296 4264 he
307 4216 386 4264 made.
726 4228 784 4276 pare
795 4211 839 4258 the
845 4215 953 4258 account
960 4211 986 4258 iu
995 4211 1038 4258 the
1047 4210 1151 4258 Didosc.
1162 4209 1202 4258 Or.
1211 4208 1224 4264 ἕ
1234 4206 1275 4268 56:

170 4295 179 4328 ¹
197 4297 278 4358 Λόγου
295 4311 354 4360 may
375 4297 406 4346 bs
425 4297 504 4345 added
525 4303 552 4344 to
571 4297 671 4354 τελείου,
726 4294 813 4350 τὸμὲν
828 4295 867 4340 οἶν
883 4292 1040 4349 πνευματικὸν
1052 4292 1123 4351 φύσει
1135 4291 1274 4360 uulthem,

121 4377 225 4428 οαοοιιιιο
246 4379 289 4428 the
313 4379 447 4428 translator
468 4385 545 4426 wrote
564 4376 675 4440 perferto
726 4374 754 4422 τὸ
764 4375 789 4421 δὲ
799 4374 1056 4436 ψυχικὸναύτεξούοιοτ
1063 4367 1088 4420 δν
1095 4372 1278 4429 ἐπιτηδειότητα

121 4457 553 4518 rationis‚whils'1'suruuu1auhss‚
565 4456 674 4506 Serraom'
727 4457 778 4516 ἔχει
798 4456 857 4516 πρὸς
876 4472 904 4502 τε
920 4456 1003 4503 πίστιν
1021 4454 1059 4501 καί
1083 4453 1220 4514 ἀφθαρσίαν
1238 4454 1279 4500 καὶ

117 4538 229 4602 perfecto.
728 4535 786 4595 πρὸς
798 4534 914 4582 ἀπιστίαν
924 4535 964 4580 καὶ
971 4533 1063 4593 φθορὰν
1069 4532 1132 4579 κατὰ
1140 4532 1185 4588 τὴν
1191 4529 1279 4578 οἰκείαν

170 4613 182 4646 ¹
198 4615 286 4666 Honos
303 4617 473 4666 Tusuuuuuu
488 4617 576 4680 speaks
592 4616 620 4664 oi
633 4616 675 4664 the
729 4615 826 4676 αἰρεσιν
845 4615 873 4662 τὸ
885 4615 911 4661 δὲ
923 4614 1002 4661 ὑλικὸν
1013 4614 1084 4674 φύσει
1096 4612 1240 4660 ἀπόλλυται.

1084 4702 1175 4762 4-2
