3225 5184
565 396 822 461 numericam.
1198 379 1267 455 307

19 577 77 655 per.
109 553 303 643 agnitionem
316 555 456 622 rerimtis
468 556 592 624 venire:
615 564 650 623 et
670 557 818 643 qnoniam
831 564 869 622 tu
887 556 955 641 ipse
968 553 1172 643 postulaveris
1184 554 1266 620 acci·
1305 572 1397 660 ‘3¹2²

108 680 185 744 pere
209 681 230 725 a
256 660 345 725 uobis
369 660 484 727 multas
508 669 542 727 et
566 661 726 727 universas
750 660 918 728 eversionis
942 682 1050 727 eorum
1076 660 1264 725 occasiones.
1278 666 1428 751 ‘lfflffist
1487 660 1488 663 ’

111 763 271 843 Quaeritur
298 764 402 851 igitur,
433 751 711 849 quemadmodum*
724 764 830 831 emissi
866 771 941 829 snut
976 763 1086 850 reliqui
1120 764 1265 828 AEones!
1283 758 1429 843 -Ἣ-

111 863 233 930 Utrum
247 866 325 931 uniti
337 867 365 931 ei
377 867 429 952 qui
442 868 587 945 emiserit,
601 867 861 953 quemadmodum
874 889 895 931 a
905 867 970 931 sole
985 866 1073 945 radii,
1087 887 1130 931 an
1143 866 1265 931 ¹effica·

109 966 215 1032 biliter
228 975 261 1033 et
275 968 436 1053 partiliter,
456 969 502 1035 nti
516 970 559 1035 sit
573 970 783 1055 unusquisque
804 990 912 1035 eorum
933 968 1112 1055 separatim,
1128 976 1161 1033 et
1174 990 1264 1034 suam

109 1072 328 1158 figurationem
343 1072 471 1153 habens,
487 1074 748 1159 quemadmodum
762 1074 803 1138 ab
817 1073 943 1137 bomine
956 1072 1060 1150 bomo,
1071 1081 1105 1138 et
1118 1074 1265 1159 apeoude

19 1246 20 1261 χ
109 1176 228 1261 pecual
271 1175 341 1239 Aut
354 1175 525 1241 secundnm
544 1175 811 1263 germinationem,
827 1173 1087 1259 quemadmodum
1100 1175 1141 1239 ab
1155 1176 1266 1240 arbore

109 1276 211 1343 ramil
264 1279 310 1344 Et
331 1287 435 1344 utmm
456 1280 616 1367 ’ejusdem
643 1278 827 1345 substantie
854 1277 1048 1344 exsistebant
1072 1278 1123 1343 his
1152 1279 1203 1363 qui
1229 1300 1265 1343 se

111 1381 292 1460 emisemnt,
306 1403 348 1447 an
362 1403 402 1447 ex
415 1382 514 1447 altera
527 1382 662 1467 quadam
676 1382 852 1447 substantia
871 1381 1080 1446 substantiam
1092 1381 1265 1447 habentes!

111 1483 158 1549 Et
172 1492 276 1549 utrum
291 1484 324 1549 in
337 1484 447 1549 eodem
460 1484 565 1550 emissi
588 1492 672 1564 sunt,
694 1491 730 1549 ut
750 1484 890 1570 ejusdem
906 1482 1056 1568 temporis
1069 1492 1175 1548 essent
1187 1481 1264 1559 sibi3

19 1622 20 1653 ι
108 1610 153 1653 an
173 1589 345 1654 secundum
366 1588 505 1654 ordinem
527 1588 691 1674 quendam,
716 1588 761 1653 ita
782 1595 819 1653 ut
838 1587 1029 1672 antiquiores
1043 1588 1168 1672 quidam
1182 1588 1265 1674 ipso-

108 1710 190 1767 rum,
206 1688 258 1753 alii
272 1708 344 1754 vero
365 1692 379 1731 ⁸
383 1688 560 1775 juveniores
574 1690 699 1753 essenti
742 1687 789 1753 Et
802 1695 908 1753 utrum
921 1687 1077 1773 simplices
1091 1687 1217 1772 quidam
1231 1695 1265 1753 et

19 1854 20 1859 ,
108 1791 289 1870 uniformes,
310 1799 343 1856 et
365 1792 501 1876 undique
514 1791 573 1857 sibi
588 1790 724 1876 aequales
738 1799 770 1857 et
784 1791 912 1869 similes,
928 1790 1188 1875 quemadmodum
1201 1790 1265 1878 spi·

107 1895 189 1960 ritus
200 1904 235 1960 et
248 1894 365 1960 lumina
376 1894 490 1960 emissa
506 1902 595 1970 sunt;
617 1915 660 1960 an
674 1893 838 1981 compositi
852 1902 885 1959 et
898 1894 1085 1973 differentes,
1100 1892 1265 1958 dissimiles

19 2032 21 2069 ι
107 1999 257 2064 membris
271 1998 355 2064 suis!

175 2104 207 2167 3.
252 2101 315 2165 Sed
339 2100 367 2166 si
396 2100 521 2185 quidem
550 2098 741 2165 efficabiliter
765 2107 799 2164 et
823 2100 996 2165 secundum
1019 2120 1109 2164 suam
1135 2098 1265 2185 genesin

106 2204 322 2289 unnsquisque
344 2202 465 2269 illomm
487 2202 619 2268 emmetra
642 2211 690 2269 est
714 2202 885 2269 secundum
907 2202 1068 2268 hominum
1090 2202 1264 2267 similitudi·

106 2328 202 2381 nem3
237 2306 285 2371 vel
310 2305 526 2393 generationes
552 2304 658 2369 Patria
686 2312 778 2370 emnt
806 2304 946 2391 ejusdem
974 2304 1158 2370 substantia
1180 2304 1209 2369 ei
1231 2312 1265 2369 et

105 2409 226 2475 similes
240 2408 424 2496 generaturi,
439 2407 488 2474 vel
503 2402 582 2495 ⁴[si]
606 2407 770 2472 dissimiles
785 2407 947 2492 parebunt,
963 2428 1004 2471 ex
1017 2406 1115 2471 altera
1130 2407 1264 2492 quadam

105 2510 286 2578 substantia
305 2509 444 2575 confiteri
465 2530 519 2573 eos
535 2506 636 2596 [esse]
659 2528 786 2573 necesse
805 2516 864 2572 est.
910 2507 1001 2571 Etsi
1022 2508 1146 2591 quidem
1165 2510 1264 2593 patris

103 2614 325 2703 generationes
344 2610 460 2677 similes
483 2610 634 2687 emissori,
656 2608 858 2695 impassibilia
872 2609 1111 2693 perseverabunt
1133 2632 1263 2694 eaquae

104 2716 226 2783 emissa
250 2722 334 2792 sunt,
356 2711 615 2799 quemadmodum
641 2720 674 2777 et
699 2710 727 2775 ia
750 2710 803 2795 qui
825 2710 931 2775 emisit
953 2709 1023 2784 illa3
1049 2710 1202 2776 aientem
1222 2733 1263 2776 ex

101 2820 208 2885 altera
233 2817 368 2901 quadam
384 2812 570 2891 substantia,
595 2834 664 2897 quae
688 2821 737 2878 est
758 2833 859 2899 capax
884 2811 1073 2897 passionum,
1091 2812 1174 2877 unde
1194 2813 1263 2879 baec

101 2920 268 2988 dissimilis
289 2920 465 2985 substantia
488 2917 570 2981 iutra
592 2916 667 2981 illud
685 2916 768 3000 quod
786 2923 836 2981 est
855 2914 1072 3001 incorruptelae
1096 2915 1263 2982 Pleromal

104 3023 226 3089 Adhuc
244 3023 340 3088 etiam
361 3021 531 3087 secundum
552 3017 806 3083 honorationem
828 3015 1039 3102 unusquisque
1052 3040 1161 3083 eorum
1174 3040 1264 3105 sepa-

104 3127 203 3193 ratim
217 3126 333 3192 divisus
354 3127 395 3190 ab
416 3124 514 3190 altero
537 3122 735 3209 intelligetur,
754 3120 1013 3206 quemadmodum
1033 3121 1184 3199 homines,
1200 3145 1263 3187 uon

104 3231 277 3308 admixtus,
301 3250 359 3294 nco
384 3228 490 3293 unitus
506 3227 586 3292 alter
606 3224 714 3301 altero,
736 3224 792 3288 sed
814 3222 847 3287 iu
870 3222 1053 3309 figuratione
1076 3223 1209 3289 discreta
1230 3232 1263 3290 et

105 3332 393 3418 circumscriptione
419 3329 555 3407 definita,
585 3336 618 3393 et
649 3324 874 3412 magnitudinis
905 3324 1079 3409 quantitate
1101 3326 1263 3410 unusquis·

105 3457 171 3522 que
188 3434 325 3521 ipsorum
340 3433 550 3507 deformatum
570 3452 640 3515 quae
655 3426 780 3514 propria
794 3426 932 3512 corporis
944 3432 1029 3503 sunt,
1043 3433 1077 3490 et
1090 3447 1153 3490 non
1173 3427 1263 3514 spiri·

104 3548 172 3605 tua.
207 3536 232 3601 J
232 3558 285 3601 am
295 3536 391 3623 igitur
403 3556 467 3600 non
481 3532 619 3621 spiritale
635 3532 780 3597 Plemma
794 3550 864 3594 esse
877 3528 994 3606 dicant,
1008 3549 1067 3593 nec
1078 3530 1263 3616 semetipsos

157 3772 168 3804 ¹
184 3772 327 3837 According
343 3778 370 3822 to
387 3774 482 3823 Graan
501 3770 551 3822 and
573 3770 660 3819 Mass.
709 3782 786 3830 supro
794 3782 848 3829 cop.
861 3781 898 3832 ¹9·
916 3767 1121 3833 Nmturaliqutd.
1139 3770 1261 3834 lepre&

106 3854 238 3913 ποιητικῶς
253 3855 293 3901 rut
303 3856 428 3916 μιριστῶι,
441 3854 488 3903 but
505 3854 604 3915 ἐνεργῶς
621 3850 662 3900 xol
709 3865 747 3898 ow
758 3850 842 3911 eapte,
857 3851 974 3900 Iuvenior
984 3851 1082 3914 aliquia.
1111 3852 1143 3901 n
1152 3869 1206 3917 cop.
1221 3868 1260 3915 33.

106 3937 233 3999 χωριστῶι
250 3935 332 3999 might
347 3935 379 3984 be
396 3935 547 4000 preferable;
563 3933 580 3984 i.
589 3949 610 3983 a,
623 3948 661 3982 oc·
711 3930 929 3991 autumer.
963 3933 1069 3982 Homini
1084 3934 1263 3987 annotetur

105 4016 194 4079 tuelle,
215 4016 314 4077 ἐνεργῶς
330 4015 406 4078 being
415 4020 443 4065 to
455 4016 559 4064 δυνατῶς
573 4030 601 4063 aa
615 4028 661 4061 aar
708 4012 821 4062 reema
831 4012 880 4061 ter
891 4012 971 4076 focile
984 4014 1166 4066 cmdeoontrrr:
1183 4032 1261 4079 qrron·

105 4098 251 4159 istoporre.
708 4109 782 4156 quem
792 4093 865 4142 αιἀτη
875 4094 946 4157 opud
954 4094 1160 4145 odmulhonlit.
1169 4111 1192 4163 9,
1206 4113 1261 4161 cop.

157 4174 169 4206 ²
192 4171 372 4237 prudent-iia
406 4172 459 4221 ll'trs
480 4172 563 4221 Greek
585 4172 660 4237 being
708 4188 738 4226 11.
754 4176 854 4237 legurm,
869 4174 989 4226 Juoerrr'roe
999 4192 1105 4226 mm.
1140 4178 1260 4228 urrann.

106 4258 243 4318 ὁμωύσιοι.
255 4291 261 4305 .
272 4256 343 4315 auls,
362 4270 405 4319 pp.
419 4268 459 4318 49,
473 4266 514 4314 50.
548 4253 660 4303 Buranun
756 4257 1141 4310 ⁴rtiromittedinthecmrrr.
1151 4260 1259 4312 andAu.

106 4335 571 4401 isclearlywrouginreuderingtbose
579 4335 659 4384 words
709 4338 795 4398 Mau,
815 4339 866 4387 and
883 4340 904 4388 it
920 4340 941 4388 is
959 4344 1005 4389 not
1020 4341 1127 4403 wanted,
1140 4357 1167 4390 aa
1184 4342 1205 4391 it
1220 4343 1261 4392 de·

106 4423 152 4480 τῆι
164 4420 237 4478 αι’πῆι
248 4420 329 4467 οὐσίαι
340 4419 396 4467 roir.
708 4425 789 4484 stroys
800 4421 844 4469 tbe
854 4421 1002 4471 alternative
1012 4423 1116 4472 marked
1127 4424 1161 4487 by
1172 4424 1222 4473 rel.
1235 4462 1241 4474 .
1253 4460 1260 4474 .

157 4498 168 4532 ⁸
185 4501 314 4561 Nto'rrrpov,
325 4498 448 4559 mentior,
455 4495 580 4560 posteriue.
593 4496 659 4548 oom-
707 4501 749 4551 ocl.
777 4500 806 4549 Il
825 4502 957 4563 mucelled,
975 4510 997 4552 a
1011 4508 1081 4553 must
1101 4505 1133 4553 be
1148 4505 1261 4569 supplied

101 4581 228 4644 paratinis
245 4579 383 4630 istiusmodi
397 4596 447 4629 noa
459 4596 517 4631 roro
535 4579 618 4639 sudor,
633 4586 659 4627 ut
707 4580 790 4629 before
801 4596 829 4631 a
839 4582 924 4633 altero.
957 4583 1010 4633 AB.
1023 4584 1097 4635 emite
1108 4598 1162 4637 arc.
