3225 5184
362 369 429 433 356
638 383 730 446 oum
757 384 959 438 serronem
983 383 1240 438 nxsnsnnsnn

202 553 289 594 uren
299 555 344 595 οισι.
362 533 537 616 enuntient,
561 535 770 601 assimilantes
794 557 868 601 eum
893 535 1054 601 hominnm
1081 536 1176 601 verbo
1203 535 1404 601 emissionis.
1471 536 1549 600 Hoc

192 602 349 777 '⁰{iii}¹ii¹'
343 649 466 704 mutem
488 639 571 704 idem
592 645 625 703 et
648 638 688 703 de
709 638 885 714 substantio
906 639 1045 705 meteriae
1060 639 1210 716 dicentes,
1227 659 1291 702 uon
1308 639 1548 723 peccabimus,

234 741 319 785 ¹''¹¹·'⁷·
199 741 507 826 ——quouium
537 741 625 805 Dens
654 762 723 805 enm
753 741 892 827 protulit
952 741 1128 806 Didicimus
1153 741 1238 806 enim
1266 763 1308 805 ex
1342 740 1547 826 Scriptum,

359 843 567 930 principatum
582 851 688 908 tenere
702 865 796 930 super
814 845 920 909 omnio
934 844 1050 908 Deum.
1086 843 1182 908 Unde
1200 851 1320 920 sutem,
1343 843 1401 907 vel
1426 867 1548 927 qnem-

359 947 527 1012 admodum
542 946 645 1011 emisit
666 967 747 1024 eom,
764 969 865 1031 neque
882 946 1043 1032 Scriptura
1055 945 1160 1031 ulique
1173 946 1331 1031 exposuit,
1348 968 1468 1031 neque
1481 969 1547 1009 uos

360 1053 369 1090 ¹
378 1049 590 1134 phantasmati
606 1056 738 1135 oportet,
753 1071 792 1114 ex
811 1049 1007 1134 opinionibus
1020 1049 1152 1136 propriis
1173 1049 1296 1112 infinita
1315 1049 1546 1136 conjicientes

359 1151 398 1216 de
413 1150 498 1226 Deo;
519 1151 575 1218 sed
589 1151 779 1241 agnitionem
794 1153 876 1218 hunc
889 1152 1118 1218 concedendum
1131 1173 1200 1218 esee
1212 1152 1294 1216 Deo.

732 1457 739 1476 ·
806 1433 910 1499 OAP.
933 1432 1067 1498 XLIII.

361 1587 548 1678 Quomodo
565 1588 749 1662 Dominus
766 1586 935 1685 quodum
952 1587 1114 1662 coneedit
1125 1585 1250 1678 Potm‘,
1263 1599 1298 1660 et
1308 1612 1399 1685 qum
1414 1615 1535 1663 causo

434 1718 484 1779 est
507 1719 662 1804 propter
692 1731 804 1804 quom
830 1702 930 1777 diem
956 1717 988 1778 et
1014 1705 1145 1778 doram
1175 1730 1201 1777 a
1229 1701 1380 1777 nemine
1412 1705 1536 1780 altero

433 1819 598 1918 copnosci
614 1818 678 1911 uit,
698 1819 773 1893 nisi
788 1846 813 1893 u
830 1817 902 1893 solo
919 1817 1048 1892 Patre.

359 1987 388 2046 1.
435 1984 620 2048 Srurmnus
636 1993 742 2049 autem
756 1991 790 2048 st
804 2001 931 2049 oensem
945 1991 1071 2069 propter
1084 2004 1188 2068 quum,
1203 2002 1274 2048 cum
1289 1985 1405 2048 omnis
1419 2007 1445 2050 a
1462 1987 1532 2051 Deo

356 2085 442 2148 facts
463 2085 538 2163 sint,
563 2087 706 2169 quaedum
733 2085 859 2170 quidem
879 2094 1075 2172 transgressu
1094 2093 1179 2164 suut,
1201 2093 1234 2151 et
1254 2087 1491 2152 obscessenrnt
1510 2111 1531 2152 s

357 2186 418 2250 Dei
437 2187 648 2272 subjectione;
666 2187 811 2271 quaedsm
823 2196 940 2264 autem,
955 2189 1019 2252 imo
1033 2186 1175 2271 plmimu,
1192 2201 1480 2271 perseveraverunt
1495 2200 1528 2254 et

356 2285 553 2374 perseverent
574 2289 607 2352 in
632 2290 826 2375 subjectione
846 2292 915 2376 ejus
936 2290 989 2375 qui
1011 2290 1103 2355 fecit:
1126 2301 1160 2354 et
1181 2291 1270 2375 cujus
1292 2298 1425 2356 naturae
1448 2304 1526 2358 sunt

356 2412 426 2478 quae
438 2399 634 2476 transgressa
644 2401 728 2471 sunt,
738 2393 829 2478 cujus
838 2401 944 2457 autem
953 2402 1073 2457 usturae
1084 2415 1154 2479 quae
1169 2403 1381 2478 perseverent,
1394 2397 1526 2461 ’cedere

193 2509 302 2550 Pudet
355 2504 478 2582 oportet
493 2496 563 2560 Deo
578 2505 611 2561 et
627 2496 735 2562 Verbo
749 2497 827 2582 ejus,
842 2497 894 2562 cui
908 2505 940 2561 et
957 2495 1015 2561 soli
1032 2497 1130 2561 dixit:
1154 2496 1230 2560 Sede
1246 2519 1268 2560 o
1287 2497 1412 2562 deutris
1434 2501 1523 2574 men,

281 2651 288 2664 .
354 2598 546 2686 quoadusque
569 2621 688 2685 ponam
716 2600 857 2664 inimicos
886 2609 952 2663 tuoe
981 2599 1208 2684 suppedaneum
1232 2598 1354 2684 pedum
1381 2609 1523 2665 tuorum

355 2701 424 2765 Nos
437 2710 543 2766 nutem
558 2702 660 2767 edhnc
674 2701 707 2765 in
723 2710 805 2766 terro
819 2710 1048 2779 conversantes,
1062 2702 1201 2766 nondum
1210 2701 1387 2766 assidentes
1401 2703 1523 2768 throno

193 2823 256 2864 ισοο
265 2823 288 2863 n
298 2827 326 2866 m
353 2804 432 2890 ejus.
470 2804 541 2870 Etsi
550 2805 633 2870 enim
645 2805 784 2890 Spiritus
800 2805 979 2882 Sslvetoris,
995 2805 1048 2890 qni
1062 2805 1096 2869 in
1110 2826 1147 2869 eo
1160 2812 1219 2883 eet,
1228 2814 1390 2869 emutatus·
1399 2808 1521 2882 mem,

192 2927 256 2967 ισο.
264 2927 327 2976 nr,
356 2917 384 2972 et
397 2906 576 2973 altitudines
590 2909 662 2986 Dei,
679 2907 735 2973 sed
749 2916 902 2998 quantum
918 2909 960 2973 sd
975 2929 1043 2986 nos,
1059 2907 1222 2972 dicineum
1232 2908 1417 2992 pretiorum
1434 2921 1519 2984 unt,

355 3009 559 3075 audientum
572 3012 823 3090 ministeriorum,
839 3020 868 3074 et
886 3011 1048 3075 diouioneo
1062 3009 1281 3094 operationum,
1297 3017 1331 3072 et
1345 3029 1407 3073 nos
1419 3031 1520 3096 super

191 3125 256 3164 ¹⁰⁰¹·
265 3126 309 3164 ¹¹³¹·
316 3127 333 3166 9
355 3121 481 3191 terrem,
491 3113 752 3200 quemadmodum
767 3124 799 3180 et
815 3114 934 3178 Paulus
944 3114 999 3191 eit,
1012 3136 1050 3178 eu
1057 3124 1151 3198 purte
1163 3111 1287 3198 quidem
1300 3115 1518 3230 eopnosoiusm

354 3227 384 3282 et
404 3239 441 3282 eu
453 3227 549 3303 porte
562 3218 791 3304 prophetemus.
836 3216 926 3282 Sicut
946 3217 1041 3304 igitur
1060 3239 1099 3282 ex
1120 3225 1208 3301 perte
1222 3214 1454 3300 cognoscimus,
1471 3218 1519 3281 sic

353 3327 386 3384 et
412 3320 452 3384 de
479 3319 629 3385 universis
647 3319 870 3406 quaestionibus
891 3319 1059 3384 concedere
1080 3325 1201 3404 oportet
1222 3316 1263 3394 ei,
1287 3315 1339 3401 qui
1360 3337 1404 3380 ex
1425 3328 1519 3402 parte

352 3423 740 3511 praeststnobisgrstism.
909 3473 913 3479 .
1459 3465 1476 3494 ο

419 3530 449 3591 2.
495 3525 649 3607 Quoniam
674 3527 798 3610 quidem
817 3527 1097 3613 transgressoribus
1119 3525 1202 3613 ignis
1228 3533 1367 3590 veternus
1388 3546 1515 3610 praepn·

352 3635 440 3691 retus
462 3634 522 3704 est,
548 3637 581 3691 et
605 3627 760 3693 Dominus
783 3629 948 3694 manifeste
971 3630 1062 3708 dixit,
1085 3637 1119 3694 et
1141 3628 1268 3714 reliquae
1293 3628 1515 3692 demonstrant

354 3728 534 3813 Scripturae.
579 3729 623 3793 Et
653 3730 798 3815 quonism
825 3733 963 3817 praesciit
997 3732 1086 3797 Deus
1109 3731 1171 3796 hoc
1191 3731 1342 3808 fotinum,
1367 3727 1515 3794 similiter

351 3829 568 3895 demonstrent
584 3829 762 3916 Scriptnrae,
779 3832 1040 3917 quemadmodum
1054 3843 1088 3899 et
1103 3833 1208 3920 ignem
1222 3840 1377 3898 ueternum
1391 3831 1443 3895 his
1458 3832 1514 3915 qui

400 4019 612 4070 wicmanno.
647 4019 700 4068 'I'he
722 4021 858 4070 translator
880 4022 906 4069 in
1005 4019 1067 4070 ’So
1090 4021 1134 4070 the
1156 4020 1257 4069 Genu.
1280 4019 1339 4069 MS.
1365 4017 1460 4068 Cedere
1486 4034 1513 4066 a

351 4101 450 4166 despair
466 4102 495 4150 of
508 4103 652 4166 expressing
669 4101 766 4166 exectly
780 4102 823 4151 the
839 4103 906 4150 force
957 4101 1065 4150 Fermrd.
1087 4100 1197 4163 nornine
1213 4106 1235 4148 et
1251 4099 1307 4148 MS.
1329 4097 1392 4148 Voss.
1412 4098 1512 4160 reperto

351 4184 380 4232 os
394 4185 565 4245 φαντάζεσθαι,
580 4183 698 4234 invented
712 4185 755 4233 the
770 4185 906 4233 bnrbcrons
952 4199 1001 4245 pro
1017 4182 1123 4241 credere,
1144 4181 1205 4244 puio
1218 4197 1274 4230 moe
1288 4182 1411 4243 moder:
1427 4181 1472 4229 Sic
1486 4190 1512 4228 et

351 4270 415 4314 term
436 4265 463 4313 in
485 4267 529 4314 the
551 4271 614 4327 text,
635 4268 678 4316 the
697 4267 862 4330 genuineness
879 4266 908 4315 of
956 4264 987 4312 de
1014 4264 1136 4312 universis
1165 4262 1344 4326 quntiouibus
1376 4263 1512 4310 concedere

351 4346 432 4394 which
454 4346 563 4410 scsrody
580 4346 672 4396 admits
691 4347 720 4395 of
740 4361 790 4410 sny
809 4344 905 4406 doubt;
955 4346 1097 4409 oportetei.
1126 4344 1268 4394 mmmm.-
1279 4344 1513 4406 Dimittereitsqne

350 4427 433 4476 unless
444 4427 532 4476 indeed
544 4429 587 4477 the
599 4428 817 4478 trennlstorwrote
824 4427 906 4490 pten-
955 4430 1054 4489 oportet
1064 4425 1216 4489 agnitionem
1229 4426 1294 4474 hunc
1305 4425 1368 4473 Deo.
1398 4423 1513 4486 Denique

349 4505 454 4556 teriori!
473 4508 516 4556 the
532 4508 638 4572 nnnlogy
654 4509 683 4556 of
693 4508 806 4558 whichis
821 4513 867 4557 not
877 4525 905 4557 so
954 4506 1058 4568 mouenti
1072 4520 1100 4568 p.
1135 4506 1207 4555 Tsles
1225 4506 1375 4570 questiones
1389 4505 1510 4553 coneede-

350 4587 443 4648 hsrsh;
459 4587 689 4651 butcf.pluemuro.
955 4604 1011 4636 runs
1022 4587 1086 4637 Deo.
1121 4589 1224 4640 Geni.
