3225 5184
279 380 321 442 10
775 401 935 456 canoas.

124 559 254 647 ¹5¹R1¹1¹1h
277 554 368 632 Νοῦς
389 557 443 627 καί
460 558 630 642 Ἀλήθεια.
663 560 878 646 Αίσθόμενόν
896 594 937 635 τε
953 561 1014 634 τὸν
1032 562 1212 656 Μονογενῆ
1230 571 1356 637 τοῦτον
1375 567 1432 666 ἐφ’

113 652 263 739 Q
277 664 325 744 cis
344 672 549 767 προεβλήθη,
569 676 759 773 προβαλεῖν
775 675 829 746 καί
849 675 951 749 αὖτόν
969 674 1092 767 Λόγον
1108 676 1162 747 καί
1179 676 1279 762 Ζωίην,
1298 680 1431 778 πατέρα

276 778 411 853 πιίντων
429 788 495 855 τῶν
516 785 589 868 μετ’
614 786 715 858 αὖτὸν
733 789 904 873 ε’σομένων,
935 789 989 859 καί
1017 787 1124 887 ἀρχὴν
1151 790 1206 861 καί
1235 792 1433 891 Ῑμόρφωσιν

277 893 403 971 παντὸς
425 902 489 967 τοῦ
515 901 748 998 πληρώματος.
787 900 853 972 Ἐκ
878 900 915 985 θη
941 907 1005 974 τοῦ
1030 900 1154 993 Λόγου
1176 902 1230 974 καί
1259 912 1318 987 τῆς
1342 904 1431 988 Zmin

277 1010 542 1106 προβεβλῆσθαι
579 1010 665 1084 κατὰ
702 1012 866 1114 συζυγίαν
894 1014 1118 1113 ’Ἄνθρωπον
1139 1016 1194 1086 καί
1214 1015 1431 1098 Ἐκκλησίαν·

275 1119 329 1189 καί
353 1120 431 1192 εἶναι
453 1124 578 1205 ταύτην
603 1125 792 1224 ἀρχέγονον
815 1124 1002 1219 Ὀγθοιίθα,
1031 1126 1128 1227 ῥίζαν
1155 1128 1209 1198 καί
1239 1131 1430 1201 ὑπόστασιν

275 1236 342 1303 τῶν
372 1235 514 1321 πάντων,
534 1237 696 1335 τέτρασιν
725 1240 865 1322 ὀνόμασι
895 1242 977 1339 παρ’
1005 1241 1115 1317 acircio
1140 1241 1355 1327 καλουμένων,
1386 1238 1429 1347 [l.

275 1342 494 1452 καλουμένην]
524 1349 632 1439 Βυθῷ,
654 1351 709 1422 καί
734 1351 805 1441 Neci,
831 1352 885 1423 καί
910 1351 1028 1444 Λόγῳ,
1054 1352 1108 1424 καί
1125 1351 1320 1452 Ἀνθριίπῳ·
1350 1352 1428 1427 εἶναι

276 1455 345 1556 γὰρ
379 1461 484 1532 αὐτῶν
514 1462 659 1535 ἕκαστον
692 1465 922 1563 ἆῤῥενόθηλυν·
952 1464 1054 1541 οὕτως
1082 1470 1218 1564 πρῶτον
1243 1464 1305 1537 τὸν
1333 1465 1430 1565 Προ-

276 1571 414 1670 πάτορα
440 1576 581 1655 ἡνῶσθαι
606 1574 693 1648 κατὰ
713 1575 874 1678 συζυγίαν
902 1580 946 1670 τῇ
975 1580 1096 1649 ἑαυτοῦ
1120 1578 1264 1671 Ἐνυοίᾳ·
1303 1577 1365 1650 τὸν
1393 1577 1429 1649 δέ

276 1682 464 1777 Μονογενῆ,
482 1688 644 1759 τουτέστι
664 1688 726 1761 τὸν
743 1688 846 1775 Νοῦν,
861 1693 905 1783 τῇ
919 1690 1092 1782 Ἀληθείᾳ·
1119 1689 1181 1763 τόν
1196 1688 1231 1761 δέ
1246 1689 1369 1783 Λόγον
1385 1694 1429 1784 τῇ

275 1796 357 1889 Ζωῇ,
387 1798 441 1868 καί
469 1797 530 1870 τὸν
558 1800 764 1900 Ἄνθρωπον
792 1805 838 1895 τῇ
869 1802 1063 1894 Ἐκκλησία.
1110 1803 1261 1881 Τούτους
1291 1801 1326 1873 δέ
1353 1804 1429 1882 τοὺς

274 1906 405 1985 Αίῶνας
427 1912 469 1987 είς
492 1909 593 2005 δόξαν
616 1920 680 1985 τοῦ
704 1913 847 2014 Πατρίις
869 1916 1174 2015 προβεβλημένους,
1202 1918 1430 2003 βουληθέντας

274 2021 328 2090 καί
358 2022 474 2100 αὐτοὺς
502 2022 555 2094 διὰ
586 2031 650 2096 τοῦ
681 2024 764 2097 illico
794 2025 936 2120 δοξάσαι
965 2025 1026 2098 τὸν
1055 2028 1210 2128 Πατέρα,
1241 2030 1429 2128 προβαλεῖν

275 2132 454 2232 προβολὰς
482 2136 515 2206 έν
533 2135 683 2241 συζυγίᾳ·
717 2137 778 2211 τὸν
806 2138 866 2224 μὲν
896 2138 1018 2232 Λόγον
1042 2141 1095 2210 καί
1125 2140 1187 2224 την
1211 2140 1310 2225 Ζωίην,
1341 2138 1427 2224 μετὰ

273 2243 317 2317 τί)
343 2248 583 2346 προβαλέσθαι
609 2248 670 2322 τὸν
686 2248 893 2351 Ἀνθρωπον
913 2252 966 2323 καί
993 2252 1053 2336 τὴν
1073 2252 1285 2336 Ἐκκλησίαν,
1303 2249 1427 2329 ἄλλους

272 2458 415 2527 Alethia.
463 2460 662 2529 sentientem
679 2473 788 2531 autem
804 2465 1016 2553 Unigenitum
1033 2467 1119 2532 huno
1133 2466 1167 2531 in
1190 2488 1260 2553 quae
1285 2466 1427 2551 prolatus

273 2568 332 2635 est,
352 2562 490 2629 emisisse
505 2570 540 2629 et
558 2564 662 2649 ipsum
680 2565 792 2653 Logon
815 2575 849 2633 et
872 2567 971 2645 Zoen,
994 2574 1121 2653 patrem
1142 2566 1282 2631 omnium
1307 2587 1427 2642 eorum,

273 2660 326 2747 qui
348 2670 422 2748 post
449 2686 484 2729 se
508 2664 609 2729 lutari
632 2672 749 2741 essent,
772 2673 807 2733 et
832 2666 959 2732 initium
984 2673 1019 2731 et
1043 2666 1267 2731 formationem
1292 2664 1428 2731 universi

274 2760 476 2830 Pleromatis.
528 2763 581 2829 De
599 2764 688 2853 Logo
702 2776 811 2831 autem
827 2774 862 2831 et
877 2766 944 2831 Zoe
961 2765 1110 2831 emissum
1129 2766 1302 2831 secundum
1320 2766 1428 2852 conju-

271 2860 445 2946 gationem,
464 2863 638 2929 Hominem
660 2871 694 2929 et
716 2864 902 2941 Ecclesiam,
929 2873 963 2930 et
987 2887 1055 2931 esse
1078 2865 1160 2930 hano
1183 2864 1428 2951 primogenitam

273 2958 530 3037 Octonationem,
548 2962 687 3028 radicem
708 2972 743 3030 et
765 2964 979 3030 substantiam
1000 2964 1150 3040 omnium,
1169 2973 1306 3050 quatuor
1327 2963 1428 3028 nomi-

272 3059 365 3125 nibus
382 3064 468 3147 apud
485 3084 539 3127 eos
556 3070 782 3148 nuncupatam,
797 3064 939 3150 Bython,
957 3072 991 3129 et
1009 3064 1098 3141 Nun,
1116 3071 1151 3129 et
1165 3063 1289 3150 logon,
1307 3071 1342 3129 et
1359 3063 1427 3127 An·

272 3160 421 3247 thropon.
474 3162 553 3227 Esse
573 3162 657 3228 enim
682 3163 807 3228 illorum
832 3185 1088 3250 unumquemque
1104 3162 1427 3240 masculo-imminam

271 3260 327 3337 sic,
346 3260 439 3327 initio
454 3261 668 3348 Propatorem
682 3263 771 3329 illum
788 3263 888 3329 coisse
904 3264 1078 3329 secundum
1090 3261 1346 3349 conjugationem
1363 3283 1429 3327 suae

273 3359 418 3436 Ennoeae,
428 3361 461 3426 id
478 3372 538 3440 est,
557 3360 756 3449 cogitationi,
774 3386 872 3449 quam
888 3362 1037 3429 Gratiam
1054 3371 1088 3429 et
1107 3361 1276 3427 Silentium
1292 3369 1427 3427 vocant:

274 3460 485 3547 Unigenitum
512 3471 631 3541 autem,
656 3462 715 3527 hoo
742 3471 804 3539 est,
835 3463 915 3527 Nun
941 3462 1089 3536 Alethiae,
1116 3462 1150 3526 id
1177 3468 1236 3535 est,
1264 3458 1428 3526 Veritati:

274 3558 385 3647 Logon
407 3569 516 3625 autem
533 3562 618 3637 Zone,
635 3562 669 3627 id
692 3571 752 3640 est,
773 3562 881 3628 Vitae:
906 3570 939 3629 et
957 3561 1151 3646 Anthropon
1176 3580 1250 3624 cum
1275 3558 1427 3626 Ecclesia.

275 3658 346 3723 Hos
356 3665 464 3725 autem
479 3660 601 3725 AEonas
615 3662 648 3725 in
661 3662 796 3748 gloriam
810 3661 916 3728 Patris
933 3660 1072 3734 emissos,
1085 3660 1226 3726 volentes
1243 3667 1277 3725 et
1290 3660 1375 3746 ipsos
1388 3661 1429 3725 de

272 3780 330 3824 sno
341 3758 515 3824 clarificare
526 3759 669 3838 Patrem,
683 3762 823 3828 emisisse
840 3760 1022 3827 emissiones
1041 3759 1073 3824 in
1092 3755 1337 3851 conjugatione;
1368 3758 1429 3826 Lo-

271 3881 335 3947 gon
353 3858 479 3945 quidem
498 3866 532 3925 et
547 3858 636 3925 Zoen
653 3867 864 3948 posteaquam
878 3862 1009 3927 emissus
1030 3867 1080 3925 est
1096 3860 1206 3925 Homo
1221 3870 1256 3925 et
1274 3859 1427 3938 Ecclesia,

272 4047 350 4113 Deity
369 4048 390 4096 is
410 4047 500 4113 wholly
518 4047 699 4113 unintelligible
718 4049 768 4117 and
788 4050 824 4099 in·
875 4048 1040 4111 οκιιωαίρεο,
1054 4048 1189 4097 mecam
1203 4054 1224 4096 ct
1240 4047 1321 4095 Vitam
1330 4082 1336 4096 .
1346 4083 1369 4096 ..
1381 4046 1429 4096 aaa

271 4129 403 4178 scrutsble.
437 4130 505 4190 This,
519 4146 547 4179 as
563 4130 614 4178 will
632 4130 663 4179 be
678 4144 744 4190 seen,
762 4146 826 4194 gave
876 4139 897 4181 st
914 4130 964 4179 loec
984 4129 1071 4179 stota
1086 4128 1122 4177 cd
1137 4127 1237 4176 samm
1252 4126 1422 4186 ιιιιίοινκίιαίὺ,

272 4211 320 4259 riae
331 4216 358 4260 to
369 4228 437 4261 some
449 4212 478 4259 ol
490 4213 534 4260 the
545 4216 611 4261 most
622 4212 739 4276 startling
749 4228 826 4261 asser·
875 4219 896 4261 et
908 4209 1014 4273 smmi
1036 4208 1065 4274 [l.
1079 4208 1264 4273 formationem]
1282 4206 1427 4258 Flammis

271 4291 338 4339 tiens
349 4291 378 4341 of
385 4293 483 4341 ancient
495 4293 588 4357 heresy.
607 4292 660 4341 'I'he
670 4293 756 4342 reader
766 4308 826 4357 may
875 4291 946 4341 ωιὶιω
956 4293 1048 4341 emm
1078 4306 1099 4341 e.
1117 4290 1171 4341 Vol.
1187 4305 1209 4353 7.

271 4388 386 4435 compare
396 4373 453 4421 that
465 4374 543 4422 which
554 4374 599 4421 has
610 4374 672 4422 been
683 4373 736 4423 said
747 4374 772 4421 in
782 4374 826 4423 the
924 4372 936 4404 ¹
951 4373 1004 4422 The
1021 4374 1165 4437 archetypal
1183 4372 1239 4421 ides
1249 4371 1279 4421 cf
1292 4370 1363 4430 Man,
1378 4370 1429 4418 and

307 4454 398 4518 alatos-y
409 4456 519 4503 remarks
530 4470 597 4520 upon
610 4454 736 4505 Basilides.
875 4455 904 4504 ol
915 4456 959 4504 the
970 4455 1071 4504 Church
1088 4455 1117 4503 cl
1130 4454 1257 4503 redeemed
1267 4452 1334 4501 souls
1348 4451 1373 4499 in
1385 4451 1429 4499 the

344 4535 377 4584 So
387 4536 566 4596 Taau'etnmt,
579 4537 634 4584 Nus
647 4535 721 4584 οἰωιιί
735 4536 826 4599 coemit
876 4536 968 4586 Divine
979 4536 1061 4596 Minu,
1081 4538 1106 4584 ἐν
1116 4537 1221 4595 δυνάμει,
1233 4550 1261 4583 as
1270 4534 1313 4582 the
1324 4532 1430 4581 Gnostio

339 4615 419 4663 υἰοηίι
436 4632 484 4664 utta
506 4616 613 4678 officium,
638 4616 720 4667 eccidit
736 4623 756 4665 et
772 4616 824 4679 ι’μιι
875 4618 957 4667 would
967 4634 1020 4681 say,
1033 4623 1079 4666 not
1090 4618 1115 4665 ἐν
1125 4617 1240 4679 ἐνεργείᾳ.
