3225 5184
619 403 812 456 THELESIS.
1224 390 1238 451 l
1250 390 1289 452 ll

71 578 76 588 1
144 557 158 588 a
254 559 263 585 ς
335 565 351 583 Α
402 566 417 582 a
681 564 689 590 ι
804 562 818 592 α
871 560 888 588 Ν
1015 567 1030 582 “
1138 572 1153 587 ·
1279 564 1288 589 “
1411 579 1416 588 ’

38 577 116 628 οῃιριι.
140 595 157 644 η
188 592 263 659 πεΡι
288 592 349 634 τον
373 593 438 632 των
467 563 553 632 ὅλων
583 559 762 634 ὅεσποτου·
804 594 838 638 oe
865 593 934 644 αμα
964 569 1031 652 ῙΤῳ
1058 566 1204 646 νοηθῆναι
1236 595 1289 634 καί
1309 577 1445 663 ‹llsssstll'lss

1303 670 1455 710 massaritia

144 669 414 780 έπιτετελεκέν[αι
435 667 487 776 d]
507 673 599 745 τοῦθ’
620 675 702 772 ὅπερ
729 676 878 758 ἠθέλησε,
899 674 952 744 rai
979 671 1047 757 ἅμα
1075 679 1124 766 τῷ
1151 679 1289 758 θελῆσαι

139 785 193 856 καὶ
215 787 370 857 ἐννοεῖται
386 786 481 857 τοῦθ’
501 786 585 886 ὅπερ
604 787 657 856 καὶ
680 788 830 870 η’θέλησε,
847 792 953 859 τοῦτο
972 789 1184 872 ἐννοούμενος,
1203 789 1290 859 dxci

141 899 238 982 θέλει,
260 897 313 968 καὶ
335 899 420 968 τότε
446 899 557 982 θέλων,
586 900 646 970 ὅτε
674 901 840 982 ἐννοεῖται,
870 901 950 976 ὅλος
978 901 1083 970 ἔννοια
1113 898 1164 983 ὅν,
1191 902 1293 977 αὸλος

141 1012 277 1094 θέλημα,
314 1012 394 1086 ὅλος
431 1017 507 1093 νοῦς,
542 1006 642 1116 [ὅλος
673 1017 743 1109 φῶς
774 1005 955 1114 Emptam]
988 1014 1066 1089 ὅλος
1103 1012 1291 1112 ὀφθαλμὸς,

142 1125 221 1198 ὅλος
248 1122 337 1205 dxcii,
369 1124 448 1200 ὅλος
480 1122 571 1211 πηγὴ
600 1119 733 1194 πάντων
751 1129 818 1194 τῶν
837 1123 982 1214 ἀγαθῶν.

220 1255 251 1302 2.
285 1235 414 1316 ...3τὴν
433 1237 568 1333 πρῶτην
587 1232 745 1327 ὅγὸοὸὅα,
768 1237 805 1306 οὗ
821 1235 893 1307 καθ’
913 1237 1083 1323 ὑπόβασιν
1100 1235 1208 1308 ὅλλον
1229 1236 1293 1307 dard
1306 1238 1323 1276 Β
1338 1237 1455 1325 ’θ’ξξ,,,,,

64 1383 68 1390 ·
142 1345 377 1418 ὅλλονΑἶαῖνα
398 1348 672 1444 προβεβλῆσθαι,
688 1347 766 1416 ἀλλ’
784 1349 868 1431 ὁμοῦ
886 1348 940 1418 rui
960 1352 1023 1425 4οἷς
1041 1348 1135 1442 ἅπαξ
1148 1351 1209 1431 τὴν
1228 1355 1295 1420 τῶν

141 1455 181 1551 ἓξ
204 1458 339 1528 Αἶῶνων
365 1458 544 1557 προβολὴν
565 1456 629 1530 ὅπὸ
652 1465 714 1530 τοῦ
732 1457 965 1559 Προπὸτορος
983 1462 1036 1531 καὶ
1063 1465 1122 1543 τῆς
1143 1461 1293 1538 Ἐννοίας

142 1571 243 1641 αὐτοῦ
263 1573 436 1666 τετέχθαι,
460 1574 499 1647 ὡς
517 1570 637 1648 5αὖτὸς
654 1570 891 1656 μαιωσὸμενος,
911 1570 1178 1660 διαβεβαιοῦται.
1219 1572 1291 1643 Kal

142 1683 249 1754 οὖκέτι
268 1683 302 1752 έκ
322 1681 446 1773 Λόγου
464 1682 518 1752 καὶ
539 1683 628 1765 Ζωῆς
646 1681 853 1782 ’Ἄνθρωπον
874 1685 928 1754 καὶ
950 1685 1161 1769 Ἐκκλησίαν,
1181 1686 1234 1754 rai
1255 1683 1294 1778 ἐξ

140 1792 348 1893 ,Ανθρῶποη
369 1799 408 1872 ὡς
427 1799 460 1866 οἶ
482 1793 583 1866 ἄλλοι
606 1792 646 1901 [l.
667 1801 706 1873 ὡς
724 1800 758 1866 οἱ
776 1796 888 1866 ἄλλοι·
916 1796 993 1867 ἀλλ’
1007 1794 1045 1890 ἐξ
1061 1792 1292 1902 Ἀνθρῶπου],

142 2029 206 2072 nou
236 2009 432 2086 dormientis,
460 2011 516 2074 sed
545 2032 629 2074 curae
651 2009 808 2084 habentis,
836 2011 963 2094 qnando
991 2010 1110 2094 poterit
1138 2011 1295 2075 honorare

143 2107 310 2182 Achillem,
325 2117 358 2174 et
369 2109 486 2173 multos
496 2110 629 2194 perdere
645 2109 840 2182 Graecorum‚
854 2109 1134 2194 apprehensionem
1148 2109 1296 2174 habuisse

142 2207 253 2292 magis,
280 2229 375 2292 quam
402 2209 478 2294 ejus,
505 2209 558 2294 qui
584 2219 632 2273 est
660 2209 877 2273 universorum
904 2209 1012 2283 Deus;
1048 2209 1104 2294 qui
1137 2209 1229 2273 simul
1257 2216 1295 2274 ut

144 2306 305 2392 cogitavit,
334 2307 467 2392 perfecit
496 2309 528 2372 id
559 2309 642 2394 quod
671 2309 843 2395 cogitavit:
873 2316 908 2373 et
937 2309 1030 2372 simul
1058 2331 1095 2372 ac
1124 2309 1234 2384 voluit,
1261 2315 1296 2374 et

142 2406 265 2492 cogitet
282 2407 343 2470 hoo
360 2408 444 2492 quod
461 2407 578 2473 voluit:
606 2417 682 2472 tunc
700 2408 844 2494 cogitans
861 2429 933 2471 cum
948 2408 1025 2476 vult.
1048 2417 1082 2472 et
1098 2417 1175 2473 tunc
1190 2410 1296 2473 volens

144 2527 215 2569 cum
233 2507 373 2591 cogitat:
402 2507 531 2571 comsit
550 2516 638 2572 totus
660 2508 833 2594 cogitatus,
858 2517 892 2572 et
912 2516 1001 2571 tot-us
1015 2530 1132 2582 sensus,
1154 2523 1188 2572 et
1208 2515 1297 2572 totus

144 2604 261 2682 oculus,
280 2614 313 2669 et
329 2613 417 2670 totus
434 2607 571 2677 auditus.
589 2616 623 2672 et
640 2614 729 2671 totus
746 2607 816 2670 fons
830 2607 970 2671 omniurn
984 2609 1149 2674 bonorum.

215 2706 246 2768 2.
287 2704 351 2780 Qui
368 2713 476 2770 autem
494 2705 734 2791 ⁶prudentiores
749 2714 907 2791 putantur
924 2707 1048 2770 illorum
1066 2728 1142 2784 esse,
1161 2706 1296 2790 primam

143 2803 380 2868 octonationem
397 2826 461 2868 non
477 2805 646 2890 gradatim,
665 2806 801 2870 alterum
819 2807 860 2870 ab
877 2806 980 2870 altero
993 2806 1131 2870 AEonem
1149 2806 1296 2870 emissum

144 2903 264 2977 dicunt,
283 2905 338 2968 sed
361 2904 453 2967 simul
476 2913 510 2969 et
530 2905 562 2969 in
588 2927 686 2969 unum
704 2906 844 2970 AEonum
865 2906 1063 2970 emissionem
1080 2929 1100 2970 a
1118 2906 1297 2990 Propatore

144 3010 177 3066 et
201 3003 328 3068 Ennoea
353 3004 430 3088 ejus,
455 3026 525 3068 cum
543 3014 737 3079 crearentur,
761 3005 821 3090 ipsi
839 3006 1061 3071 obstet-ricasse
1077 3029 1111 3070 se
1126 3006 1295 3070 affirmant.

145 3101 191 3166 Et
207 3103 275 3188 jam
298 3125 362 3167 non
388 3125 426 3167 ex
453 3103 542 3191 Logo
568 3112 601 3169 et
625 3105 690 3168 Zoe
717 3105 910 3190 Anthropon
928 3119 961 3169 et
978 3104 1163 3180 Ecclesiam,
1185 3106 1242 3169 sed
1258 3127 1298 3169 ex

194 3287 204 3318 ¹
222 3287 248 3336 S.
262 3289 345 3336 Barla
360 3303 416 3352 says
431 3288 487 3336 that
499 3287 642 3352 Godspalre
653 3289 696 3337 the
748 3287 791 3336 loc
811 3288 911 3335 toediam
930 3288 959 3336 dc
980 3287 1058 3336 medio
1079 3288 1179 3346 amoliti,
1205 3288 1300 3336 ηαΙΖιιαι

145 3370 214 3417 word
229 3372 353 3429 γενηθήτω
371 3372 427 3431 φῶς,
448 3371 488 3418 καὶ
504 3371 533 3417 τὸ
550 3369 697 3430 πρόσταγμα
749 3368 851 3416 AEcnem
863 3368 986 3415 zolveram
997 3368 1075 3415 alium
1086 3383 1113 3415 αι
1125 3368 1176 3415 olio
1189 3384 1235 3430 per
1243 3384 1299 3430 gra·

146 3453 216 3512 ἔργον
224 3450 260 3508 ἥν.
281 3450 341 3499 And
353 3450 470 3514 similarly
482 3449 564 3498 Canu.
573 3451 622 3497 Aa.
634 3449 698 3511 ψιλῷ
749 3447 795 3496 dar
802 3464 884 3496 revera
888 3447 1136 3509 gesamioectructcm,
1145 3448 1186 3496 ced
1196 3465 1298 3510 mappa,

146 3533 182 3590 τῷ
202 3533 335 3593 βούλεσθαι
352 3533 495 3594 δημιουργεῖ,
519 3534 559 3579 καὶ
577 3533 613 3592 τῷ
628 3532 698 3588 μόνον
749 3529 813 3590 quod
823 3529 901 3588 ciunt,
917 3530 999 3589 πιαια,
1012 3530 1081 3577 macl
1091 3529 1216 3591 οαιηιιηαα
1228 3530 1300 3578 &um

147 3613 262 3670 ἐθελῆσαι
273 3614 351 3671 αὐτὸν,
366 3615 451 3660 ἕπεται
462 3614 490 3660 τὸ
502 3615 655 3674 γεγενῆσθαι.
749 3626 777 3658 αι
787 3610 863 3658 Patre
873 3617 894 3658 et
905 3611 996 3658 Ennoea
1008 3612 1057 3672 ejas
1068 3612 1194 3659 walarum.

195 3690 290 3741 ΙὈλος
313 3691 417 3757 θέλημα]
437 3693 487 3741 Hae
504 3693 559 3741 dnae
579 3709 649 3742 voces
665 3694 697 3741 ab
798 3691 809 3722 ⁵
826 3693 903 3751 aeres,
917 3692 934 3740 i.
943 3708 963 3740 e.
977 3691 1131 3752 Colorbasus,
1146 3709 1173 3740 as
1185 3692 1300 3739 Errene-

146 3773 287 3838 Epiphanio
313 3775 405 3824 additae
433 3775 555 3834 videntur,
587 3791 643 3822 cum
672 3775 698 3822 in
749 3785 813 3820 mus
825 3773 940 3833 declares,
955 3786 1049 3824 xuv111.
1086 3773 1208 3822 Satellius
1222 3790 1301 3822 seems

147 3858 224 3905 veteri
251 3857 454 3920 interpretatione
481 3857 556 3920 hujus
577 3857 624 3905 loci
647 3873 697 3904 uon
749 3854 851 3901 tohave
862 3854 996 3918 developed
1007 3856 1045 3902 his
1056 3855 1184 3919 principle.

146 3941 240 3996 extent,
258 3954 304 3986 nec
321 3938 363 3987 lib.
382 3951 412 3988 11.
426 3939 476 3986 xvi.
498 3953 520 3999 3,
540 3938 583 3986 ubi
600 3940 699 3986 Auctor
798 3935 998 3987 “Panaima
1020 3940 1125 3988 illoram,
1144 3940 1196 3988 The
1214 3942 1300 3990 roader

146 4023 229 4066 noster
240 4019 304 4067 hanc
315 4020 465 4068 sententiam
476 4019 574 4083 repetit,
594 4019 696 4067 Graan.
749 4017 800 4065 will
819 4018 882 4066 have
901 4019 1020 4066 observed
1035 4020 1079 4067 the
1095 4036 1162 4068 same
1178 4022 1298 4083 solecism,

194 4099 205 4132 ⁸
222 4101 269 4159 Τὴν
286 4103 383 4162 πρώτην
400 4099 516 4164 ὅγόοόὸα]
533 4100 604 4160 Haec,
626 4105 655 4148 ut
673 4105 698 4148 et
749 4099 838 4148 caused
849 4099 906 4162 bya
916 4101 1002 4148 senile
1014 4101 1121 4163 copying
1132 4101 1160 4148 os
1168 4103 1210 4150 the
1218 4103 1300 4152 Greek

145 4180 270 4243 sequentis
287 4181 375 4244 capitis
393 4181 481 4230 Graeca
499 4181 575 4229 verba
591 4197 621 4228 ex
639 4181 697 4243 Epi·
749 4181 919 4229 construction
945 4181 971 4228 in
999 4181 1042 4228 the
1068 4181 1200 4245 preceding
1226 4185 1300 4247 chap-

145 4260 230 4324 phanii
242 4260 311 4309 Haer.
324 4277 400 4310 xxxv.
433 4261 659 4320 Colorbaseorumg
675 4275 695 4320 1,
749 4267 795 4322 ter,
806 4261 967 4324 perfecta-itm
977 4260 1135 4323 perfectiores,
1148 4270 1169 4309 et
1182 4263 1299 4312 Gratim

145 4344 224 4408 petita
234 4349 295 4392 sunt
302 4343 386 4405 3unde
397 4343 521 4402 discimus,
536 4343 634 4392 illorum
645 4343 697 4407 pla·
735 4355 805 4392 'rum
828 4343 906 4405 magia
929 4342 1040 4391 monia.
1074 4343 1127 4390 The
1152 4344 1299 4392 translation

145 4425 196 4473 cita
206 4424 330 4473 Irenoeum
338 4425 385 4472 hoc
395 4425 449 4472 loco
457 4424 633 4488 perstrinxisse.
647 4424 698 4473 Gn.
750 4426 839 4489 speaks
858 4425 887 4473 ol
901 4425 944 4473 the
960 4423 1080 4472 followers
1095 4439 1123 4472 aa
1140 4440 1156 4471 a
1170 4423 1243 4487 body,
1256 4425 1299 4473 the

195 4505 394 4555 ‘harumna
415 4505 510 4554 alludeo
527 4511 554 4554 to
572 4507 615 4554 the
632 4521 699 4554 same
750 4505 834 4554 Greek
855 4509 911 4554 text
932 4505 1026 4568 applica
1047 4508 1075 4552 to
1098 4504 1141 4552 the
1161 4504 1299 4553 heresiarclr

145 4587 245 4636 notione
256 4605 277 4637 c.
292 4588 331 4648 36,
346 4587 441 4648 Quam
454 4585 560 4636 maiores
570 4585 614 4648 qui
625 4593 699 4634 totam
750 4585 840 4651 eingly.
