3225 5184
650 403 876 457 nonnosum.
1267 391 1333 455 361

178 564 283 634 untur,
308 558 454 643 quoniam
477 556 616 643 spiritale
636 566 694 636 set,
721 557 804 643 quod
826 563 933 622 autem
956 563 1006 622 est
1025 556 1195 635 matemala,
1219 556 1334 622 residet
1353 577 1496 634 cranao.

177 660 332 738 deorsum,
348 660 493 744 quoniam
508 668 556 724 est
572 660 741 736 materiale,
763 664 817 725 ¹et
837 659 1060 724 exardescente
1074 681 1112 725 eo
1126 659 1180 748 qui
1200 659 1282 726 inest
1303 661 1332 725 ei
1357 625 1480 756 Ἑβὲἷὲἶ

177 762 259 848 igne,
284 771 483 827 consumetur
503 763 534 826 in
558 769 675 827 totum:
697 762 833 826 animale
849 783 945 847 quara
966 783 1030 826 non
1045 769 1147 826 totum
1163 760 1196 826 iu
1216 762 1331 828 medie

176 865 251 928 tatis
266 864 367 928 locum
382 865 481 940 cedet,
498 864 530 928 in
549 885 640 951 quem
654 873 688 928 et
704 864 911 949 Demiurgum
926 862 1078 929 nrittuntl
1122 864 1205 946 Quid
1224 873 1331 928 autem

175 977 225 1032 est
251 968 326 1033 illud
352 969 435 1052 quod
457 968 547 1034 cedet
572 989 679 1032 eorum
709 967 791 1030 intra
817 966 983 1030 Pleroma?
1026 967 1161 1032 Animas
1189 966 1272 1032 enim
1298 967 1331 1030 iu

175 1071 375 1134 medietatem
389 1091 584 1154 perseverare
598 1069 725 1134 dicunt:
748 1091 877 1154 corpora
891 1078 1008 1144 autem,
1024 1072 1170 1154 quoniam
1185 1071 1330 1134 materia-

176 1173 237 1238 lem
251 1173 367 1238 habent
382 1173 598 1250 substantiam,
615 1172 647 1236 in
662 1173 826 1237 materiam
846 1172 983 1238 resoluta
1000 1173 1108 1238 ardere
1120 1175 1161 1238 ab
1176 1196 1214 1240 eo
1228 1174 1282 1260 qui
1297 1173 1330 1237 in

176 1299 214 1342 ea
235 1288 284 1343 est
304 1277 404 1364 ignis;
434 1299 562 1362 corpore
586 1287 694 1342 autem
714 1276 851 1362 ipsorum
872 1286 1027 1361 corrupto,
1047 1284 1080 1341 et
1102 1277 1207 1340 anima
1229 1298 1330 1341 rema-

175 1389 268 1446 nente
286 1381 319 1444 in
342 1380 520 1458 medietate,
545 1379 621 1444 nihil
639 1381 708 1466 jam
727 1379 919 1464 relinquetur
938 1401 979 1443 ex
999 1379 1122 1444 homine
1141 1381 1225 1466 quod
1248 1381 1330 1445 intra

175 1483 321 1549 Pleroma
351 1484 451 1549 cedat.
499 1481 616 1547 Sensus
642 1481 724 1546 enim
751 1481 895 1558 hominis,
920 1482 1034 1560 ’mena
1059 1492 1092 1547 et
1114 1483 1273 1569 cogitatio,
1296 1491 1330 1547 et

174 1587 306 1652 intentio
321 1587 445 1664 mentis,
460 1594 493 1650 et
510 1607 548 1650 ea
562 1607 632 1672 quae
648 1595 722 1651 sunt
736 1583 926 1670 hujusmodi,
947 1606 1010 1650 non
1028 1583 1112 1650 aliud
1127 1586 1200 1673 quid
1215 1594 1330 1672 praeter

173 1690 310 1754 animam
333 1700 426 1764 sunt;
450 1689 506 1756 sed
530 1689 627 1775 ipsius
648 1689 761 1753 animae
787 1696 903 1767 motus,
926 1696 959 1753 et
982 1689 1185 1774 operationes,
1211 1690 1329 1756 nullam

174 1795 241 1858 sine
255 1793 359 1858 anima
373 1792 523 1858 habentes
542 1792 758 1857 substantiam.
805 1792 889 1873 Quid
912 1813 988 1878 ergo
1011 1792 1113 1856 adhuc
1137 1792 1198 1857 erit
1219 1813 1327 1857 eorum

174 1896 257 1980 quod
280 1895 420 1960 succedit
443 1894 475 1958 in
500 1895 667 1960 Pleroma?
711 1895 756 1960 Et
779 1895 838 1982 ipsi
861 1895 956 1973 enim,
977 1893 1010 1958 in
1030 1901 1182 1981 quantum
1202 1894 1328 1980 quidem

173 1999 286 2064 animae
309 2006 393 2078 sunt,
415 2009 576 2065 remanent
596 1999 628 2064 in
642 1999 830 2076 medietate;
858 2000 891 2064 in
911 2010 1062 2084 quantum
1081 2007 1187 2066 autem
1205 2021 1326 2086 corpus,

174 2122 247 2167 cum
261 2100 381 2187 reliqua
394 2101 541 2166 ³materia
554 2101 717 2167 ardebunt.

619 2355 719 2423 uAP.
744 2355 877 2420 XLVI.

175 2510 361 2601 Quoniam
387 2508 428 2584 in
454 2509 552 2583 nullo
574 2521 691 2606 potest
719 2505 872 2581 interior
897 2506 1045 2582 odorum
1071 2507 1175 2582 homo
1201 2533 1326 2608 super-

245 2627 355 2726 9reoli
382 2625 648 2724 Demiuryum:
685 2637 718 2698 et
745 2624 920 2721 quoniam
946 2651 1019 2699 ooo
1042 2637 1090 2699 ast
1118 2624 1323 2719 verisimile,

246 2751 309 2824 hos
335 2747 483 2846 quidem
510 2742 695 2846 spiritales
722 2767 803 2834 esse,
823 2741 1072 2842 Demiuryum
1098 2758 1221 2818 cortem
1243 2745 1325 2819 oci-

246 2867 389 2940 molem.

172 3038 201 3099 l.
248 3032 298 3096 Er
323 3031 372 3096 his
394 3029 440 3096 sic
463 3051 498 3098 ee
524 3030 722 3109 habentibus,
749 3049 844 3116 anper
867 3026 1074 3114 Demiurgum
1099 3049 1134 3094 se
1156 3028 1324 3096 ascendere

170 3137 278 3202 dicunt
293 3135 456 3201 insensati:
482 3142 514 3201 et
531 3136 702 3200 secundum
720 3133 780 3200 hoc
800 3132 884 3219 quod
904 3153 940 3196 ee
959 3131 1103 3196 meliores
1120 3133 1324 3217 pronuntiant

170 3240 222 3305 illo
246 3240 316 3304 Deo
335 3239 387 3326 qui
411 3237 517 3316 ooelos,
544 3247 577 3304 et
603 3245 729 3314 terram,
751 3244 784 3302 et
808 3235 917 3313 maria,
937 3241 971 3299 et
994 3234 1100 3298 omnia
1123 3257 1194 3320 quac
1220 3235 1252 3299 in
1278 3235 1324 3300 eis

169 3355 244 3412 sunt
262 3344 336 3412 lecit
361 3354 394 3410 et
420 3344 551 3422 ornavit,
581 3353 614 3409 et
642 3351 742 3409 semet
769 3341 896 3430 quidem
924 3339 1080 3427 spiritales
1108 3361 1177 3406 esse
1205 3341 1323 3420 volunt,

170 3450 353 3516 inhonorato
373 3471 444 3516 cum
465 3448 529 3515 sint
549 3447 708 3513 ⁴carnales
726 3453 854 3535 propter
867 3452 990 3510 tantam
1009 3465 1100 3509 suam
1114 3442 1321 3528 impietatem

169 3657 197 3706 ol
216 3657 280 3706 later
296 3655 395 3706 scribes.
429 3655 482 3705 'l'he
500 3655 614 3705 ἀπόδοσις
631 3654 656 3702 in
676 3653 720 3703 tha
820 3649 874 3712 ¹et,
887 3651 930 3700 the
945 3648 1208 3714 copulaiscarsleasly
1219 3649 1324 3700 omitted

168 3740 252 3803 sequsl
260 3740 324 3802 φιοά
335 3747 414 3788 cmm
421 3736 591 3797 cstmctcriale,
601 3735 720 3786 indicates
769 3733 794 3782 in
808 3735 850 3784 the
862 3734 961 3782 Cunna.
974 3733 1032 3782 MS.
1063 3732 1101 3781 cl.
1116 3729 1171 3794 366,
1184 3749 1210 3781 n.
1221 3747 1243 3795 3.

168 3819 233 3883 quod
246 3819 343 3883 quidun
356 3819 381 3869 in
396 3817 439 3868 the
453 3820 575 3882 πρότασις,
592 3833 620 3866 or
636 3817 720 3866 rather
819 3813 830 3846 ¹
846 3829 912 3864 meru
922 3816 943 3864 ia
952 3813 1056 3863 omitted
1064 3815 1089 3862 in
1096 3815 1139 3863 tha
1151 3814 1251 3863 Cunna.
1262 3813 1320 3863 MS.

169 3903 182 3952 d
193 3905 236 3962 μὲν
246 3903 272 3950 in
284 3902 326 3950 the
337 3901 443 3964 original
452 3919 458 3960 ;
474 3899 520 3948 but
531 3900 574 3948 the
585 3899 720 3948 translator
769 3897 819 3946 and
829 3912 910 3945 aeneos
920 3897 941 3946 is
952 3897 995 3946 tha
1006 3896 1153 3944 translation
1165 3896 1194 3943 ot'
1202 3898 1261 3945 νοῦς.

168 3999 246 4032 seems
260 3987 287 4031 to
302 3981 365 4030 haus
382 3981 440 4030 read
457 3981 527 4040 dcclv
536 3980 651 4028 followed
663 3979 721 4044 byt
818 3977 830 4010 ⁸
846 3977 948 4026 mauric
959 3978 980 4026 ia
990 3981 1036 4025 not
1043 3977 1122 4026 found
1133 3977 1209 4025 inthe
1218 3976 1319 4025 Ctuurt.

168 4068 202 4126 dl,
227 4065 277 4115 and
299 4065 393 4128 having
416 4061 535 4112 rendered
560 4062 603 4110 tho
629 4061 720 4112 former
770 4059 1032 4121 MS.‚andthallosa.
1042 4060 1322 4124 copyhaaaceordingly

168 4147 286 4212 partiales
302 4146 349 4194 illo
363 4145 468 4209 quidem,
486 4157 555 4192 sotne
571 4144 720 4192 transcribet
769 4139 921 4192 substituted
943 4142 1050 4206 reliquo:
1077 4142 1124 4191 but
1146 4142 1167 4190 ic
1188 4143 1271 4190 would
1292 4143 1324 4192 be

168 4229 314 4278 alternards
335 4228 444 4291 brought
466 4227 510 4276 ths
531 4226 629 4274 version
651 4243 720 4275 more
768 4224 1032 4289 difficulttngivsany
1039 4239 1108 4273 more
1115 4225 1324 4288 probablaGrssk

167 4311 222 4359 into
239 4311 390 4373 conlormlty
406 4308 467 4358 with
485 4309 528 4357 the
546 4307 645 4372 general
662 4323 718 4357 con·
769 4307 912 4371 equivalent
931 4305 993 4354 than
1009 4308 1074 4365 nard
1091 4307 1136 4365 τῆι
1155 4308 1232 4365 ἄλλης
1251 4305 1318 4366 ὕλης.

167 4393 289 4441 struction
301 4392 334 4456 by
343 4392 468 4455 changing
479 4390 575 4454 qrcdlcm
586 4391 639 4440 into
646 4388 718 4452 quod.
769 4391 816 4439 See
826 4404 850 4454 p.
863 4391 904 4450 48,
918 4389 967 4437 and
979 4405 1003 4453 p.
1017 4403 1057 4453 59,
1070 4405 1096 4437 n.
1108 4407 1132 4449 4.

167 4474 220 4522 'I'he
237 4473 298 4522 false
315 4473 421 4522 concord
438 4473 571 4522 sufficerem
587 4471 651 4536 qrrod
661 4485 719 4537 may
817 4471 829 4502 ⁴
844 4470 898 4519 The
909 4469 986 4520 MSS.
999 4469 1205 4520 allraadcoma.
1239 4469 1321 4535 Ipro·

167 4553 198 4602 be
217 4553 357 4617 compared,
375 4569 417 4617 pp.
427 4550 481 4615 365,
496 4567 523 4613 η
542 4551 596 4616 367,
610 4567 631 4603 r.
666 4552 720 4602 But
768 4552 966 4618 posetheretora,
987 4553 1073 4612 drtum
1090 4552 1156 4602 ὄντες
1170 4552 1265 4616 σαρκός,
1285 4551 1322 4600 in·

167 4635 217 4684 this
228 4635 303 4687 arinen
314 4635 398 4684 octos
406 4637 485 4696 κύημα
495 4636 515 4686 t.
540 4635 578 4686 ut.
586 4647 605 4688 1.
618 4635 718 4698 ᾔτηη.
767 4635 891 4686 honam
901 4651 956 4684 cam
966 4633 1015 4684 rint
1025 4632 1116 4684 amo.
