3225 5184
345 403 412 469 318
621 420 883 475 FORMATIONIS
906 421 1216 474 VALENTINIANAE

210 589 302 676 oppila.
345 573 519 638 substantia
541 575 677 640 habeant
697 575 829 653 animas,
851 597 892 640 ex
914 597 976 661 qua
996 583 1029 641 et
1047 574 1250 663 Demiurgus,
1271 574 1356 640 siout
1383 573 1522 649 dicunt,

182 683 332 769 Gffipgffil·
345 677 427 742 hunc
455 687 562 742 autem
586 680 682 743 semel
707 679 883 744 universum
907 679 1130 764 suscipientem
1151 701 1258 744 semen
1281 701 1303 743 a
1327 678 1453 752 Matre,
1484 687 1523 742 et

183 778 329 862 ,Ῐίζᾶ-
346 781 511 844 habentem
524 780 556 844 in
571 802 615 858 se,
631 781 795 846 animalem
817 803 1040 868 perseverasse,
1054 791 1089 847 et
1103 779 1181 845 nibil
1195 782 1228 845 in
1245 789 1348 846 totum
1366 781 1520 845 sensisse
1534 801 1555 836 ο.
1564 803 1581 836 r.

345 905 546 970 eorumquae
573 894 647 950 sunt
672 886 840 971 superiora,
859 908 929 972 quae
950 886 984 949 hi
1009 885 1194 970 semetipsos
1219 883 1406 971 intelligere,
1432 883 1521 948 dum

345 987 447 1052 adhuc
461 996 535 1051 sunt
555 987 586 1051 in
610 995 703 1065 terra,
718 987 899 1074 glutiantur,
918 988 1073 1073 quomodo
1095 988 1155 1052 hoc
1175 1009 1240 1052 non
1259 1009 1354 1072 snper
1374 1009 1518 1066 ornnem

345 1089 647 1156 irrationabilitatem
672 1092 741 1156 estt
786 1090 913 1156 Etenim
939 1090 1073 1176 idipsum
1099 1112 1207 1155 semen
1234 1090 1346 1154 horum
1371 1091 1516 1176 quidem

344 1193 507 1257 animabus
515 1193 704 1280 agnitionem
719 1194 899 1260 attribuisse
913 1202 946 1258 et
959 1193 1199 1279 perlectionem
1216 1193 1245 1258 ei
1258 1202 1365 1257 autem
1379 1194 1439 1280 qui
1451 1217 1516 1258 eos

344 1297 419 1362 lecit
435 1297 503 1362 Deo
518 1297 725 1384 ignorantiam
739 1297 919 1362 attribuisse
932 1305 1053 1382 putare,
1065 1319 1136 1362 vere
1149 1318 1332 1362 vesanorum
1345 1304 1408 1367 est,
1422 1305 1460 1361 et
1477 1299 1514 1361 in

343 1408 446 1465 totum
469 1408 574 1465 mente
595 1399 823 1465 destitutorum.
868 1399 984 1464 Adhuc
1004 1400 1099 1464 etiam
1121 1399 1321 1464 vanissimum
1343 1402 1514 1487 estquod

343 1503 461 1579 dicunt,
478 1502 510 1566 in
524 1501 583 1567 bac
601 1501 795 1587 depositione
809 1502 936 1588 figurari
958 1502 1034 1566 illud
1054 1510 1089 1568 et
1108 1523 1286 1589 augescere,
1299 1509 1333 1566 et
1353 1512 1511 1588 paratum

343 1606 409 1670 fieri
433 1605 473 1671 ad
496 1605 724 1690 susceptionem
753 1605 899 1690 perfectae
920 1605 1061 1670 rationis.
1105 1605 1177 1669 Erit
1197 1604 1281 1670 enim
1304 1605 1334 1669 ei
1357 1607 1511 1670 materiae
1528 1629 1581 1668 uu

343 1707 504 1785 admixtio,
517 1729 611 1794 quarn
624 1713 681 1772 ¹ex
693 1707 869 1794 ignorantia
879 1715 913 1770 et
921 1707 992 1773 labe
1001 1706 1109 1771 volunt
1118 1706 1264 1772 babuisse
1277 1707 1509 1788 substantiam,

342 1810 445 1894 aptior
458 1818 490 1875 et
510 1809 624 1886 utilior,
644 1831 738 1896 quam
758 1809 819 1873 luit
836 1817 1000 1894 patemnm
1020 1808 1126 1873 lumen
1142 1808 1298 1893 ipsorum:
1321 1809 1349 1874 si
1370 1810 1511 1896 quidem

342 1911 512 1976 secundum
528 1911 609 1975 illius
623 1910 846 1997 inspectionem
862 1918 982 1988 natum,
1002 1909 1132 1975 informe
1146 1917 1179 1976 et
1198 1910 1403 1998 infiguratum
1421 1914 1508 1978 fuit:

343 2036 383 2078 ex
402 2014 461 2078 bac
477 2020 581 2076 autern
601 2012 828 2092 formationem,
843 2021 877 2078 et
889 2013 1037 2098 speciem,
1051 2021 1085 2078 et
1098 2007 1311 2100 augmeirtum,
1325 2021 1359 2078 et
1379 2017 1510 2101 perfec-

343 2117 459 2182 tionem
473 2117 653 2202 assumpsit.

797 2337 899 2404 OAP.
922 2337 1046 2403 XXX.

361 2475 548 2570 Quootodo
576 2477 766 2554 corrourio
795 2477 841 2553 cle
868 2477 998 2552 Matre
1025 2489 1057 2552 et
1084 2475 1185 2551 Laba
1217 2477 1292 2578 ojus
1325 2478 1487 2554 consalin

796 2595 1040 2670 decreverunt.

408 2761 444 2826 Sr
467 2761 550 2827 enim
574 2761 657 2847 quod
678 2767 728 2825 est
742 2781 762 2824 a
777 2759 957 2825 Pleromate
970 2758 1086 2837 lumen,
1101 2780 1197 2823 curma
1217 2758 1276 2823 fuit
1296 2758 1442 2844 spiritali,
1465 2768 1503 2825 ut

340 2885 441 2949 neque
455 2865 596 2942 sormam,
612 2867 730 2948 'neque
745 2863 892 2949 speciem,
907 2883 1007 2946 neque
1021 2860 1268 2947 magnitudinem
1282 2862 1415 2926 haberet
1429 2885 1501 2948 pro-

339 2967 456 3051 priam;
480 2989 549 3053 quaa
573 2975 679 3030 autem
694 2967 755 3030 huc
769 2973 819 3030 est
833 2965 1003 3042 descensio,
1019 2963 1088 3027 baec
1109 2963 1252 3028 universa
1273 2964 1395 3029 addidit
1408 2967 1450 3042 ei,
1466 2977 1501 3031 et

338 3070 378 3134 ad
388 3068 608 3156 perfectionem
625 3068 765 3146 deduxit,
775 3068 875 3132 multo
889 3067 1095 3154 ⁸operabilior
1105 3075 1138 3130 et
1149 3066 1254 3131 utilior
1261 3067 1418 3132 ridebitur
1427 3092 1500 3155 qum

339 3182 388 3237 est
402 3172 453 3238 hio
471 3173 663 3239 conversatio
680 3195 771 3258 quarn
788 3180 821 3236 et
835 3174 981 3237 tenebras
1003 3171 1121 3248 dicunt,
1136 3193 1229 3256 quam
1252 3172 1312 3236 fuit
1329 3181 1498 3257 paternum

337 3277 442 3340 lumen
463 3277 610 3362 ipsorum.
657 3274 820 3358 Quomodo
839 3283 945 3340 autem
966 3295 1030 3338 non
1043 3274 1144 3362 ⁴[est]
1160 3272 1333 3352 ridiculum,
1355 3275 1496 3342 Matrem

339 3379 463 3464 quidem
475 3380 611 3464 ipsorum
623 3380 654 3443 in
666 3379 828 3444 materiam
839 3378 1046 3462 periclitatam
1057 3378 1169 3454 dicere,
1179 3378 1226 3442 uti
1236 3398 1316 3464 pene
1329 3379 1496 3444 suffocare·

338 3492 400 3560 tur,
415 3491 449 3547 et
462 3497 475 3534 ⁶
480 3483 573 3568 paulo
588 3483 691 3547 minus
705 3489 964 3568 corrumperetur,
979 3479 1040 3544 nisi
1054 3480 1105 3543 vix
1120 3487 1196 3546 tunc
1209 3481 1496 3565 superextendisset

337 3607 372 3649 se
382 3594 414 3649 et
425 3585 592 3650 Bexsilisset
600 3607 639 3650 ex
648 3584 1048 3669 semetipsa,adjumentum
1058 3583 1495 3670 percipiensaPatre:semen

338 3696 443 3752 autern
458 3688 525 3772 ejus
544 3687 575 3750 in
591 3688 650 3752 hac
665 3687 773 3752 eadem
794 3687 924 3751 materia
937 3708 1114 3772 augescere,
1130 3694 1163 3751 et
1183 3686 1318 3763 formari,
1333 3696 1366 3751 et
1383 3694 1494 3771 aptum

338 3789 378 3852 ad
387 3787 615 3874 susceptionem
624 3788 752 3871 perlecti
766 3788 938 3853 ⁷sermonis
948 3787 1102 3872 expediri:
1119 3798 1152 3852 et
1166 3786 1226 3852 hoc
1236 3786 1493 3868 indissimilibus,

386 3982 397 4016 ¹
409 3983 459 4032 'l'he
471 3983 577 4032 Annum
587 3981 644 4033 MS.
655 3981 699 4032 hos
710 3999 737 4032 ea
747 3981 891 4046 morantia
940 3982 1104 4032 munaum.
1115 3982 1201 4042 MSS,
1212 3982 1312 4032 andthe
1320 3983 1404 4032 Greek
1409 3984 1493 4034 would

337 4065 389 4114 lohe
394 4085 404 4121 ;
420 4065 467 4114 but
478 4065 499 4112 is
510 4065 552 4113 the
566 4065 591 4112 ἐν
603 4065 641 4114 διὰ
653 4066 715 4114 δυοῖν
726 4065 756 4114 be
767 4064 886 4133 resolved,
939 4078 1055 4128 suppress
1066 4064 1087 4112 it
1097 4081 1104 4124 ς
1121 4066 1171 4114 πῶς
1182 4065 1209 4112 δὲ
1219 4067 1247 4112 οὐ
1257 4066 1359 4126 γελοῖον.

336 4163 365 4196 α
382 4145 520 4208 ipraorontiu
538 4144 599 4194 uota
614 4146 696 4194 would
713 4147 744 4195 ba
760 4147 803 4194 the
821 4162 890 4195 more
988 4145 999 4176 ⁶
1016 4147 1056 4194 aral
1082 4147 1165 4208 μικρὸν
1192 4147 1341 4195 duodecim
1367 4147 1412 4195 τοῦ
1432 4150 1493 4208 φθα-

337 4229 474 4278 consistent
484 4228 603 4292 regimen.
633 4228 678 4277 See
689 4245 731 4292 pp.
745 4239 780 4289 17,
794 4225 847 4276 186.
938 4228 1014 4289 pipat

386 4308 397 4340 ²
414 4325 487 4372 neptis
497 4309 605 4371 speciem
623 4309 702 4357 Thess
714 4307 802 4367 words,
815 4308 888 4357 omit·
988 4306 1000 4339 ⁶
1017 4306 1055 4356 cf.
1073 4325 1098 4372 p.
1109 4319 1165 4369 aas,
1176 4323 1201 4357 n.
1213 4321 1235 4359 1.

336 4390 379 4439 ted
389 4391 424 4454 by
435 4389 530 4438 Gnann
541 4389 591 4437 and
604 4381 740 4449 Musam,
754 4403 796 4437 are
808 4387 889 4438 added
988 4387 1000 4422 t
1016 4389 1145 4440 &naenia
1182 4389 1315 4440 Rationem
1337 4397 1416 4440 codem
1431 4399 1494 4454 pato

336 4471 400 4519 from
411 4472 453 4519 the
464 4471 571 4519 Anuxn.
585 4469 642 4519 MS.
935 4471 1020 4534 potius
1030 4487 1104 4534 pamm
1114 4487 1251 4522 sermonem
1261 4473 1400 4522 madan
1410 4473 1494 4535 fuisse

385 4551 396 4584 ¹
414 4553 464 4602 Gn.
477 4551 527 4600 and
538 4551 605 4614 early
617 4551 683 4599 Eun.
697 4549 834 4613 optabilior.
939 4554 1020 4614 λόγον,
1032 4561 1107 4616 prout
1120 4553 1246 4616 aliquoties
1259 4553 1301 4605 tte
1313 4562 1335 4604 ct
1345 4553 1390 4604 lid.
1402 4567 1420 4604 1.
1436 4555 1493 4608 teuc

386 4631 396 4664 ⁴
413 4641 445 4682 est
456 4633 476 4682 is
488 4633 593 4682 omitted
610 4633 671 4681 both
686 4633 720 4698 by
731 4633 774 4681 tbe
786 4632 887 4682 Cossu.
939 4634 1057 4686 reddidit.
1092 4636 1196 4687 Gnaei.
