3225 5184
580 405 877 458 lncanunnuun.
1262 392 1305 463 97

151 559 193 630 'O
221 562 258 631 ori
282 560 373 645 hadr,
393 561 483 646 habe,
501 563 555 634 roi
584 567 601 645 ἡ
630 566 684 635 οὐκ
713 566 915 657 ἠγαπημένη,
938 570 1139 658 ἧΎᾱπημὲνη,
1157 569 1211 640 καὶ
1237 574 1304 644 πῶς
1331 583 1385 668 llll
1393 584 1411 668 1¹
1419 585 1448 668 li·

1315 675 1441 716 massin.
1449 677 1468 714 3.

1315 747 1464 758 -ο-ῂ

907 678 1150 706 aar!

151 672 302 744 Πλείονα
315 681 374 756 τῆς·
391 675 510 773 ἒρῆμου
521 678 567 748 roi
579 676 676 747 τέκνα
691 680 826 760 μᾶλλον
846 675 864 761 ἦ
881 710 938 761 της
958 710 1098 775 εχουσης
1111 712 1172 752 τον
1190 679 1300 781 ἄνδρα,

149 787 330 883 κηρύσσειν.
361 785 445 858 Ἐπὶ
468 789 596 860 τούτων
621 791 690 886 γαρ
711 789 765 859 καὶ
791 791 936 861 ἐπὶτῶν
959 792 1079 875 ὁμοίων
1100 794 1210 870 air-oie
1229 795 1303 864 irre-

149 897 275 982 βόησεν
305 901 323 967 ὁ
353 897 586 976 Ἀπόστολος·
620 899 668 969 Ὦ
698 899 805 987 βάθος
832 904 983 973 πλούτου
1009 904 1062 974 καὶ
1092 906 1219 1003 σοφίας
1244 907 1297 975 καὶ

150 1011 298 1100 ’γνώσεως
320 1009 417 1080 θεοῦ·
444 1015 485 1088 ὡς
502 1010 730 1110 ἀνεξεραύνητα
751 1012 797 1082 τὰ
820 1015 967 1111 κρίματα
990 1017 1098 1098 edroi,
1123 1017 1177 1087 καὶ
1197 1015 1303 1111 ἀνεξι-

150 1123 306 1217 χνίαστοι
321 1125 357 1191 αἱ
367 1121 438 1194 ὁδοὶ
450 1125 560 1194 αὑτοῦ.
602 1123 715 1194 Ἀλλὰ
734 1126 789 1195 οὐκ
810 1126 842 1195 ἐν
861 1130 909 1214 τῷ
924 1124 1005 1224 ὑπὲρ
1021 1125 1082 1199 τὸν
1094 1129 1234 1212 orror-iro
1247 1131 1301 1200 rai

150 1230 363 1331 Δημιουργόν
393 1235 536 1333 Μητέρα
566 1238 693 1306 τούτων
721 1238 774 1306 καὶ
809 1238 912 1307 αὐτοῦ
941 1239 1142 1322 Ἐνθύμησιν
1175 1241 1301 1318 Αἷῶνος

150 1347 399 1428 πεπλανημένον
416 1359 634 1445 παρεπινοεῖν,
655 1349 707 1420 καὶ
726 1351 767 1424 eie
785 1355 952 1421 τοσοῦτον
967 1349 1050 1432 ἥκειν
1066 1354 1300 1450 βλασφημίας·

150 1458 222 1530 midi
239 1456 359 1566 [suppl.
378 1463 411 1531 ἐν
427 1455 495 1564 τῷ]
516 1459 559 1531 τὸ
578 1459 659 1558 ὑπὲρ
679 1463 801 1544 ταύτην
819 1459 922 1532 πάλιν
941 1461 1125 1561 Πλῆρωμα,
1144 1463 1224 1536 Ι’τὸν
1242 1464 1300 1548 μὲν

148 1573 212 1656 ἕνα,
243 1579 294 1645 νῦν
326 1573 361 1645 δὲ
392 1573 568 1673 ἀνήριθμον
600 1579 710 1671 φῦλον
742 1571 876 1644 Αἰοῖνων
910 1573 1161 1670 inobedientiae,
1195 1577 1300 1652 καθὼς

148 1687 308 1777 λέγουσιν
333 1685 426 1759 οὗτοι
458 1690 491 1757 oi
517 1686 645 1768 ἀληθῶς
668 1688 780 1784 ἔρημοι
803 1687 890 1762 θείας
909 1688 1064 1763 συνέσεως
1092 1687 1298 1760 διδάσκαλοι·

148 1805 207 1881 τῆς·
244 1803 340 1883 οὔσης
370 1799 574 1882 Ἐκκλησῖας
608 1795 716 1880 πόσης
750 1799 827 1882 μίαν
866 1799 919 1868 καὶ
956 1800 1017 1880 τὴν
1048 1801 1147 1884 αὐτὴν
1181 1803 1300 1873 πῖστιν

149 1911 286 2006 ἐχούσης
304 1915 346 1990 εἷς
364 1909 477 1982 πάντα
495 1910 555 1982 τὸν
573 1912 707 1994 κόσμον,
727 1911 831 1987 καθὼς
851 1913 1057 2009 προέφαμεν.

148 2127 253 2192 induet
269 2126 535 2201 immortalitatem,
555 2135 582 2188 et
604 2125 800 2211 corruptibile
823 2125 1067 2208 incorruptelam.
1086 2127 1295 2190 annuneiare:

148 2233 182 2292 et
206 2227 469 2312 quemadmodum
497 2227 600 2290 faetus
626 2225 663 2312 [l.
688 2224 787 2310 intus]
815 2233 864 2288 est
892 2225 953 2301 Qui
979 2246 1038 2287 ooo
1064 2233 1133 2288 erat
1151 2227 1295 2310 popolus,
1309 2255 1443 2339 fflfflm

1331 2314 1349 2348 q.
1445 2328 1450 2339 .

141 2327 294 2412 popalus:
313 2337 341 2390 ot
354 2325 473 2400 dinero,
486 2325 615 2398 dilecto,·
636 2333 669 2389 et
681 2323 946 2409 quemadmodum
957 2325 1068 2388 Plures
1075 2325 1145 2406 filii
1154 2326 1218 2409 ejus
1230 2347 1298 2411 qnae
1310 2348 1338 2411 ne
1348 2349 1386 2402 ¹a

147 2429 263 2492 deserto
286 2438 336 2498 eat,
362 2427 462 2512 moyis
487 2448 578 2511 quom
600 2425 664 2509 ej'oe
680 2447 749 2509 qnoe
764 2423 850 2487 babet
867 2424 978 2491 uirum,
997 2427 1203 2508 ²prreeonare.
1258 2425 1297 2488 ln
1310 2393 1462 2482 ‹iff'iiiii3⁰‘

147 2526 264 2591 talibus
281 2527 364 2591 enim
383 2539 416 2591 et
434 2526 466 2590 in
484 2524 636 2588 similibus
649 2523 693 2586 eis
711 2522 899 2587 exclamavit
918 2523 1103 2606 Apostolus:
1125 2519 1297 2588 Ooltitndo
1311 2562 1449 2601 3010„AE

146 2625 331 2692 dinitiarum
356 2637 384 2690 et
409 2624 567 2711 sapientire
593 2633 621 2687 et
647 2622 813 2707 apollinare
842 2621 925 2684 Dei!
960 2643 1050 2705 quom
1081 2623 1296 2687 immutabilia

139 2727 265 2810 jndicio
282 2727 356 2812 mins,
375 2735 402 2790 et
422 2723 650 2808 ioeeotiyobilea
667 2723 726 2785 eico
743 2723 817 2805 ejus.
871 2721 934 2784 Sed
949 2743 1011 2783 non
1030 2721 1061 2784 in
1080 2743 1127 2794 oo,
1142 2730 1180 2784 ut
1202 2744 1298 2806 supra

149 2825 335 2891 Creatorem
362 2835 396 2892 et
422 2825 672 2898 Fabrieatorem‚
700 2829 836 2884 matrem
862 2820 929 2905 ejus
955 2828 988 2884 ot
1011 2821 1145 2891 illorum,
1173 2819 1296 2906 Enthy-

147 2925 246 2990 mesin
277 2926 390 2990 AEonia
420 2923 556 2988 errantis
588 2921 795 2995 adinvenires
826 2929 860 2983 et
890 2919 930 2982 ad
960 2928 1084 2983 tantam
1118 2920 1297 3004 pervenires

147 3025 390 3111 blasphemiam:
408 3045 509 3109 neque
527 3023 558 3085 in
582 3022 720 3105 eoquod
739 3028 787 3082 est
804 3041 899 3103 super
915 3020 997 3082 hone
1012 3041 1120 3082 rursus
1137 3020 1296 3095 Pleroma,

147 3123 318 3210 aliquando
343 3125 470 3210 quidem
496 3145 572 3185 xxx.
593 3120 762 3204 aliqnando
785 3142 859 3182 vero
885 3118 1129 3182 innumerabiles
1154 3120 1297 3183 multitu·

147 3224 236 3288 dines
258 3225 397 3289 AEonum
407 3221 560 3286 mentiri:
587 3219 853 3305 quomadmodum
871 3218 980 3280 dicunt
996 3217 1038 3279 hi.
1058 3217 1110 3300 qui
1130 3239 1204 3280 vere
1222 3229 1297 3282 sunt

147 3324 264 3390 deserti
283 3347 302 3388 a
320 3323 425 3388 divina
447 3319 606 3386 sententia
631 3317 798 3403 magistri3
828 3339 899 3378 eum
923 3338 971 3388 oa,
996 3338 1066 3399 qun
1087 3326 1136 3380 est
1153 3316 1298 3380 Ecclesia

146 3425 300 3496 universa,
328 3445 424 3488 unam
452 3431 484 3486 et
515 3421 648 3484 eandem
674 3419 769 3482 fidem
795 3417 914 3481 habeat
935 3415 966 3477 in
991 3415 1137 3478 universo
1167 3416 1296 3492 mundo,

146 3524 411 3610 quemadmodum
430 3519 657 3607 praediximus³³.

145 3717 188 3764 the
200 3716 289 3775 Greek,
303 3731 331 3763 or
341 3715 367 3762 in
379 3713 506 3761 character
517 3717 543 3759 to
555 3713 596 3758 the
612 3709 694 3759 Latin.
747 3709 807 3757 dent
818 3711 874 3757 that
886 3709 929 3757 the
940 3709 1087 3757 translation
1099 3710 1120 3756 is
1134 3714 1235 3767 correct,
1249 3709 1299 3757 and

144 3799 234 3848 Nossa
246 3796 354 3859 through
364 3794 550 3856 disfigurement
566 3793 593 3839 of
604 3792 636 3838 its
652 3792 695 3838 ini·
747 3791 882 3852 alr'ryuondo
898 3792 994 3854 paidom
1011 3793 1111 3853 triplam
1129 3809 1174 3840 ean
1192 3793 1251 3856 only
1264 3809 1299 3839 re·

144 3880 188 3928 tial
200 3879 283 3928 letters
295 3893 353 3941 may
364 3877 427 3925 have
443 3876 503 3924 been
521 3873 643 3922 mietaken
658 3873 697 3919 sor
747 3879 847 3936 present
858 3875 897 3919 νῦν
908 3874 952 3930 μὲν
963 3874 1090 3933 τριάκοντα
1105 3873 1131 3920 in
1146 3874 1188 3920 the
1204 3873 1286 3919 Greek
1294 3890 1301 3930 ;

144 3961 258 4008 Abesse.
747 3954 806 4016 only
817 3954 860 4001 the
872 3953 930 4000 MS.
944 3953 1026 3999 would
1038 3969 1137 4014 express
1152 3953 1195 4000 the
1209 3951 1300 4014 capital

194 4039 204 4070 ⁶
216 4040 245 4087 Et
257 4055 305 4086 noa
316 4036 344 4084 in
355 4035 426 4084 initio
437 4035 516 4098 ought
528 4040 553 4082 to
565 4033 694 4082 havebeen
748 4035 768 4082 Λ
780 4051 807 4081 aa
819 4035 862 4081 the
873 4033 970 4096 symbol
982 4033 1019 4080 for
1030 4034 1116 4096 thirty,
1132 4033 1212 4080 whieh
1224 4031 1300 4094 easily

144 4121 263 4171 rendered
274 4117 437 4182 principiam,
453 4123 480 4165 to
497 4133 569 4180 agree
581 4115 642 4163 with
654 4115 696 4162 the
745 4116 846 4166 became
856 4117 886 4173 A,
899 4130 948 4162 oar.

145 4203 228 4252 Greek
239 4201 289 4250 and
295 4201 355 4249 with
362 4201 405 4248 the
414 4205 515 4247 context
522 4215 528 4258 ;
546 4199 610 4259 ἀρχὴ
623 4197 642 4245 is
651 4201 696 4245 not
794 4194 807 4227 ¹
824 4194 929 4244 Ilollow
936 4195 978 4242 the
990 4195 1093 4256 reading
1103 4193 1132 4240 oi
1139 4192 1182 4241 the
1190 4193 1298 4241 hanun.

143 4278 323 4342 antraquently
334 4276 452 4326 rendered
463 4275 497 4339 by
508 4277 551 4324 the
562 4274 696 4322 translator
747 4276 804 4325 MS.
843 4275 938 4322 Garun
955 4274 1001 4321 bns
1018 4271 1166 4335 preconium
1183 4277 1301 4335 contrary

145 4359 253 4420 initiam,
267 4359 348 4408 where
360 4358 380 4406 it
393 4356 520 4419 evidently
530 4371 615 4403 means
623 4355 696 4415 prin·
746 4363 773 4406 to
785 4359 829 4406 tho
838 4356 946 4419 analogy
957 4356 986 4403 of
994 4353 1129 4404 marari
1139 4355 1207 4401 Ant.
1218 4352 1298 4400 Gnnn.

145 4441 213 4505 t'iple.
748 4437 798 4486 aad
809 4435 1046 4484 memororum.

195 4521 204 4554 ¹
222 4523 265 4570 τὸν
278 4523 322 4579 μὲν
337 4521 385 4569 ἕνα.
421 4515 539 4566 Gaxax's
553 4531 598 4564 een
610 4515 699 4580 hardly
798 4519 809 4550 ²
827 4519 872 4567 See
883 4535 925 4581 pp.
940 4531 1045 4581 90-92.

146 4607 177 4656 be
189 4605 266 4655 called
278 4619 293 4652 a
304 4603 453 4666 conjecture,
470 4599 508 4648 ior
524 4599 544 4648 it
560 4599 580 4647 ie
596 4599 699 4646 aelf-evi·

251 4712 322 4755 VOL.
336 4713 357 4754 1.
