3225 5184
154 331 170 368 ⁸
318 369 361 438 78
770 387 798 440 s.
820 388 1020 440 conannas

159 563 300 652 {dffltijffi
320 547 466 630 ἕμῆνυσθ·
495 545 551 618 Τὰ
573 545 633 631 μὲν
652 545 720 647 γὰρ
739 549 814 633 ὅλα,
833 549 909 647 ἔφη,
929 545 967 618 δι’
988 548 1091 619 αὑτοῦ
1110 551 1322 638 γεγενῆσθαι,
1343 546 1417 629 Ῑτίην
1436 544 1473 616 δὲ

155 658 305 743 ωῆω
322 658 403 761 ζωὴν
422 661 456 730 ἐν
472 662 570 752 advoi-
609 656 709 742 Αὕτη
730 658 783 732 οὖν
802 665 820 742 ἢ
840 661 874 731 ἐν
891 661 981 750 edroi
999 661 1156 752 γενομένη
1176 660 1359 758 οἰκειοτέρα
1377 659 1472 731 ἐστίν

153 775 302 785 ’-
319 774 353 842 ἐν
372 773 460 862 αὐτῷ
479 778 545 846 τῶν
570 772 611 843 δι’
629 775 731 846 αὐτοῦ
749 773 939 865 γενομένων·
970 774 1103 844 σύνεστι
1131 769 1200 870 γὰρ
1229 772 1328 862 αὐτῷ,
1351 772 1405 843 καί
1431 769 1473 842 δι’

319 885 422 957 αι’ντοῦ
436 892 665 985 καρποφορεῖ·
692 884 801 969 ἐπειδὴ
816 882 884 984 γὰρ
902 886 1064 985 ἐπιφέρει,
1080 885 1134 955 καί
1154 882 1250 985 ἡζωίη
1265 883 1302 967 ἦν
1320 882 1363 957 τδ
1380 888 1471 982 2φῶς

318 1003 385 1070 τῶν
398 996 796 1098 ἆνθρώτων,”Ανθρωττον
808 997 906 1068 είτῶν
923 996 1011 1096 ἄρτι,
1023 997 1076 1067 καί
1092 998 1153 1080 την
1165 996 1371 1079 Ἐκκλησίαν
1385 999 1471 1079 ὁμω-

319 1111 418 1193 νύμως
442 1114 491 1200 τῷ
522 1110 705 1211 Ἀνθρῶτῳ
734 1112 896 1194 ἐμήνυσεν,
923 1111 1011 1186 ὅπως
1043 1107 1096 1180 διὰ
1122 1116 1186 1181 τοῦ
1211 1108 1279 1186 ἑνὸς
1306 1112 1469 1193 ὀνόματος
1483 1131 1556 1171 Μ.

319 1220 449 1317 δηλῶση
471 1223 532 1305 τὴν
552 1231 610 1306 τῆς
635 1220 792 1323 συζυγίας
815 1223 988 1293 κοινωνίαν.
1017 1221 1082 1292 Ἐκ
1106 1219 1174 1321 γὰρ
1194 1228 1257 1294 τοῦ
1278 1221 1401 1313 Λόγου
1414 1222 1469 1294 καί

317 1341 376 1417 τῆς
392 1335 481 1418 Ζωῆς
496 1334 699 1435 Ἄνθρωπος
720 1336 847 1427 γίνεται
867 1334 921 1405 καί
940 1334 1136 1416 Ἐκκλησία.
1166 1335 1239 1410 Φῶς
1259 1332 1294 1404 δὲ
1314 1333 1386 1405 siae
1402 1339 1469 1406 τῶν

317 1447 496 1547 ἀνθρώπων
512 1447 573 1530 τὴν
589 1449 689 1532 Zoilo,
703 1446 756 1518 διὰ
773 1445 817 1519 τὸ
832 1447 1048 1546 τεφωτίσθαι
1068 1446 1183 1522 αὐτοὺς
1200 1446 1252 1517 ὑπ’
1268 1447 1374 1530 odnie,
1390 1446 1410 1518 d
1430 1445 1468 1529 δή

316 1561 391 1632 ε’στι
405 1564 651 1659 μεμορφῶσθαι
669 1561 723 1631 καί
742 1562 1011 1658 πεφανερῶσθαι.
1039 1558 1155 1629 Τοῦτο
1176 1556 1210 1629 δὲ
1222 1558 1276 1629 καί
1294 1559 1467 1635 ὁΠαῶλος

316 1673 420 1764 λέγει·
465 1672 544 1743 Πᾶν
570 1671 701 1773 γὰρτὸ
722 1674 964 1772 φανερούμενον
990 1677 1062 1770 φῶς
1084 1673 1186 1743 ἐστιν.
1231 1670 1333 1742 Ἐπεί
1358 1673 1467 1744 τοίνυν

315 1786 505 1883 ἕφανέρωσε
522 1786 577 1856 καί
597 1786 749 1877 ἐγέννησε
766 1785 829 1856 τόν
847 1781 1100 1883 τεἈνθρωτον
1117 1784 1171 1854 καί
1190 1783 1251 1867 τίην
1261 1783 1468 1866 Ἐκκλησίαν

315 1897 433 1982 rizaei,
455 1902 526 1996 φῶς
546 1901 696 1997 εἰρῆσθαι
723 1890 891 2004 [εἴρηται]
916 1897 1030 1967 αι’ντῶν.
1070 1897 1197 1994 Σαφῶς
1218 1893 1271 1967 οὖν
1291 1895 1467 1979 δεδήλωκεν

315 2012 334 2078 ὁ
362 2005 509 2091 Ἰωάννης
541 2007 592 2080 διὰ
627 2014 693 2082 τῶν
724 2010 838 2101 λόγων
869 2010 1005 2092 τούτων,
1037 2005 1083 2080 τά
1114 2040 1155 2080 τε
1185 2007 1286 2092 ἄλλα,
1319 2009 1373 2079 καί
1405 2009 1465 2091 την

313 2119 463 2220 τετράδα
482 2122 543 2204 τίην
563 2121 723 2221 δευτέραν,
746 2120 869 2213 Λόγον
891 2120 944 2191 καί
969 2120 1285 2219 Ζωίην,Ἀνθρωπον
1308 2121 1361 2190 καί
1383 2119 1464 2189 Ἐκ-

313 2231 462 2316 κλησίαν.
487 2231 604 2305 Ἀλλὰ
619 2234 682 2317 μην
695 2234 748 2306 καί
762 2236 823 2316 την
842 2235 976 2332 πρώτην
993 2235 1128 2318 ε’μῆνυσε
1144 2229 1305 2332 τετράδα·
1334 2229 1465 2323 διηγού-

312 2429 364 2495 hio
381 2429 464 2495 enim
481 2431 622 2519 syzygias
640 2429 868 2496 manifestavit:
891 2431 1004 2495 Omnia
1018 2432 1108 2504 enim,
1121 2430 1178 2506 ait,
1191 2450 1250 2515 ρον
1260 2430 1360 2517 dicam
1367 2431 1464 2515 sacto

311 2540 392 2610 scat,
408 2531 478 2596 cita
494 2543 595 2596 aetem
612 2532 647 2596 a'o
664 2531 740 2617 τρια.
794 2529 876 2595 Haec
892 2552 968 2616 ergo
984 2552 1054 2615 quae
1071 2529 1103 2593 in
1121 2552 1159 2594 eo
1176 2529 1263 2593 faeta
1279 2537 1339 2610 est,
1355 2531 1464 2615 proxi-

311 2630 393 2696 mior
405 2637 455 2696 est
472 2653 565 2718 qnam
580 2654 619 2697 ea
635 2654 706 2716 quse
722 2652 780 2716 ροι·
796 2629 899 2715 ipsum
915 2629 1002 2694 facta
1022 2638 1111 2694 sunt:
1133 2650 1204 2695 cum
1222 2628 1290 2713 ipso
1307 2637 1356 2694 est
1369 2629 1462 2705 enim,

311 2737 346 2795 et
373 2753 431 2816 per
460 2730 561 2817 ipsum
587 2731 767 2796 fructificat.
830 2728 991 2806 Quoniam
1015 2728 1123 2808 infert,
1153 2729 1200 2792 Et
1224 2728 1292 2792 cito
1316 2739 1384 2793 erat
1410 2729 1465 2795 loc

310 2829 474 2896 feminum.
526 2829 721 2895 ⁸Hominem
738 2837 846 2894 autem
867 2850 951 2893 nuno
972 2836 1006 2893 et
1023 2827 1197 2893 Ecclesiam
1219 2826 1311 2892 simili
1336 2828 1464 2893 nomine

311 2927 510 3014 significavit,
530 2935 566 2994 ut
583 2951 641 3016 per
660 2951 759 2994 unum
780 2949 896 2992 nomen
914 2927 1096 2993 manifestet
1117 2927 1251 3013 syzygiae
1272 2929 1463 2993 communio·

311 3049 394 3092 nem.
446 3027 498 3093 Ex
523 3027 613 3116 Logo
639 3028 723 3093 enim
749 3034 784 3092 ct
814 3027 882 3091 Zoe
910 3027 1018 3091 Homo
1047 3033 1219 3112 generatur
1247 3034 1281 3090 et
1307 3026 1459 3097 Ecclesia.

313 3125 435 3193 Lumen
458 3136 567 3194 autem
590 3127 671 3194 dixit
697 3128 859 3192 hominum
885 3125 993 3201 vitam,
1022 3127 1170 3211 quoniam
1194 3125 1363 3191 illuminati
1387 3136 1463 3193 sunt

309 3227 352 3292 ab
378 3250 425 3303 ea,
457 3229 541 3315 quod
565 3234 615 3293 est
641 3228 813 3293 formatum
837 3237 871 3290 et
897 3225 1144 3290 manifestatum.
1192 3225 1266 3290 Hoc
1291 3235 1400 3291 autem
1428 3235 1463 3292 et

312 3325 432 3392 Paulus
448 3327 546 3393 dicit:
570 3331 664 3392 Omae
676 3327 756 3392 caim
771 3327 851 3412 qood
866 3325 1084 3410 omaifestotcr
1100 3325 1200 3390 fumea
1212 3336 1263 3390 eat.
1303 3325 1463 3400 Quoniam

186 3465 191 3477 ·
265 3486 274 3502 ,
311 3424 409 3512 igitur
433 3427 501 3492 vita
525 3426 738 3492 manifestavit
765 3433 799 3492 et
823 3425 988 3512 generavit
1014 3425 1187 3490 Hominem
1216 3432 1251 3490 et
1278 3423 1460 3501 Ecclesiam,

310 3523 416 3589 lumen
442 3525 529 3591 dicta
552 3533 602 3591 est
626 3547 745 3591 eorum.
796 3525 918 3611 Aperte
943 3523 1042 3610 igitur
1064 3522 1278 3589 manifestavit
1296 3523 1462 3589 Johannes

310 3643 369 3706 per
387 3645 546 3689 sermones
568 3625 635 3699 hos,
654 3631 687 3690 et
709 3625 780 3699 alia,
801 3632 836 3689 et
858 3623 1134 3710 quaternationem
1151 3623 1329 3697 secundam,
1351 3623 1462 3710 Logon

311 3727 345 3786 et
362 3720 460 3802 Zoen,
481 3723 673 3810 Anthropon
691 3732 724 3789 et
743 3721 927 3788 Ecclesiam.
980 3721 1045 3788 Sed
1064 3731 1098 3788 et
1120 3722 1255 3809 primam
1273 3722 1462 3810 significavit

311 3821 481 3886 tetradem.
524 3821 671 3888 Narrans
694 3822 778 3888 enim
800 3823 842 3888 de
868 3822 1045 3904 Salvatore,
1061 3828 1096 3887 et
1121 3823 1237 3888 docens
1256 3820 1371 3900 omnia,
1390 3845 1462 3907 qnae

311 4010 413 4061 Dadasa
424 4011 465 4063 Or.
469 4050 477 4074 ,
490 4014 503 4063 t
514 4015 614 4075 γέγονεν
625 4016 649 4064 ἐν
660 4017 727 4077 αὐτῷ
737 4017 772 4076 τῷ
782 4017 858 4077 λόγῳ,
910 4013 951 4062 life
963 4030 991 4062 or
1002 4015 1148 4075 ἐντελέχεια,
1162 4031 1255 4078 among
1265 4015 1310 4064 the
1320 4014 1424 4063 number
1435 4012 1464 4060 of

310 4095 358 4152 ζωὴ
369 4093 399 4152 ἥν
410 4093 426 4152 ἡ
436 4097 546 4156 σύζυγον
565 4097 600 4144 διὸ
612 4097 652 4144 καί
659 4093 754 4158 φησινὸ
763 4097 858 4157 Κύριος,
909 4096 996 4160 things
1007 4101 1097 4144 create.

309 4171 444 4232 ίγὼεϊμιὴ
456 4174 511 4232 ζωή.
531 4171 579 4230 56.
958 4174 970 4206 ¹
990 4176 1004 4225 d
1025 4177 1052 4223 δὲ
1074 4178 1099 4223 ἐν
1120 4178 1252 4235 ταυτότητι
1273 4177 1408 4237 μονογενὴς,
1434 4174 1462 4224 οὖ

357 4252 368 4284 ¹
385 4253 514 4302 Mnaseas
529 4255 637 4304 reminds
652 4255 690 4304 his
701 4256 787 4305 render
803 4257 861 4305 that
909 4259 973 4306 κατὰ
984 4259 1081 4317 δύναμιν
1092 4258 1239 4307 ἀδιάστατον
1250 4258 1354 4320 ὁσωτηρ
1362 4257 1459 4321 ἐνεργεῖ,

308 4335 351 4383 the
377 4335 555 4386 Macedoniam
583 4352 612 4385 or
636 4337 860 4386 Pneumatomaohi
909 4336 1393 4400 οὗτόςέστιτὸφῶιτῆεέκκλησίαςτῆι
1404 4339 1461 4400 τρο

308 4412 416 4476 adopted
436 4414 487 4463 this
509 4415 671 4464 Valentinian
689 4415 752 4464 view
769 4416 798 4462 of
816 4417 859 4464 the
907 4436 977 4481 τερον
1004 4421 1029 4467 ἐν
1049 4420 1129 4481 σκότῳ
1152 4421 1192 4469 καί
1215 4422 1239 4469 ἐν
1266 4421 1352 4482 ἀγνοίᾳ
1379 4423 1458 4479 odom.

308 4507 375 4540 same
390 4497 452 4553 text,
468 4495 524 4543 that
538 4494 599 4558 they
610 4495 692 4558 might
706 4495 804 4544 include
815 4496 859 4545 the
908 4499 1013 4549 Didoee.
1028 4501 1070 4552 Or.
1084 4500 1098 4558 d
1110 4503 1133 4550 8.

309 4571 379 4636 Hcly
391 4572 477 4637 Spint,
490 4575 552 4625 with
566 4575 739 4624 themamcre
750 4576 823 4638 spirit
833 4576 862 4624 of
956 4577 1126 4631 'menies
1139 4580 1339 4631 haveHoma'aea.
