3225 5184
337 397 403 461 358
757 410 1063 464 nncmruonamo

202 583 256 670 qqq.
267 585 295 670 ¹4¹·
339 567 483 649 quenulam
503 587 539 631 eo
550 577 644 653 pom
660 567 870 653 oopooaoimoa,
888 574 918 631 ot
936 587 972 630 eo
982 574 1078 651 porto
1089 565 1316 651 propletomro,
1340 563 1458 650 ¹putet
1473 576 1507 626 ee

176 659 327 763 flffllfflp·
339 687 403 732 non
416 689 457 734 ex
471 676 570 756 parte,
585 669 641 734 sed
655 667 869 734 universaliter
881 667 1058 733 universam
1072 666 1192 754 cepisse
1206 688 1314 732 eornm
1333 687 1418 751 qure
1433 675 1507 728 sunt
1586 732 1587 741 ,

178 770 324 854 Q
338 771 541 858 agnitionem,
560 771 748 838 Valentinus
761 771 874 860 aliquia
887 772 1052 848 exsistens,
1066 779 1123 836 aut
1138 770 1341 848 Ptolemaeus,
1359 777 1427 834 aut
1446 767 1508 831 Bn-
1586 816 1587 867 ,

178 873 455 952 ¹⁰⁰¹·1111·⁹·silideS,
471 875 519 940 vol
537 875 649 961 aliquis
667 896 775 941 eorum
790 875 843 961 qui
856 873 1038 940 altitudines
1053 875 1114 939 Dei
1129 873 1301 959 exquisisse
1315 895 1354 938 se
1371 873 1507 941 dicuntz

339 999 403 1042 non
418 977 450 1042 in
464 999 502 1043 ea
517 1001 586 1066 quae
609 979 774 1044 invisibilia
787 987 871 1056 sunt,
886 977 934 1043 vel
949 999 1019 1063 quae
1040 975 1161 1043 ostendi
1181 997 1245 1041 non
1264 984 1418 1063 possunt,
1436 995 1509 1039 eum

339 1081 425 1144 inani
454 1081 610 1166 jactantia
644 1083 795 1148 decorans
824 1081 1037 1168 semetipsum,
1063 1081 1134 1168 plus
1162 1101 1257 1165 quam
1289 1079 1441 1164 reliquos
1475 1097 1509 1139 se

339 1185 503 1271 agnovisse
517 1185 681 1272 glorietur:
705 1187 762 1251 sed
783 1205 895 1257 eomas
915 1207 1024 1250 eorum
1044 1207 1115 1270 quae
1136 1184 1170 1248 in
1188 1185 1249 1248 hoo
1266 1191 1341 1248 sunt
1370 1179 1507 1254 mundo,

340 1307 418 1370 quas
433 1307 490 1352 nos
505 1309 567 1353 non
582 1287 707 1365 seimus,
724 1295 759 1352 ut
779 1296 856 1373 puta
874 1307 1039 1351 nnmerum
1057 1285 1239 1371 oapillorum
1254 1283 1372 1370 eapitis
1393 1282 1462 1356 sui,
1476 1291 1509 1344 et

340 1387 379 1454 de
394 1388 443 1454 his
458 1390 511 1476 qui
526 1389 665 1477 quotidie
680 1389 845 1477 oapiuutur
865 1409 1016 1474 pameres,
1031 1396 1065 1452 et
1078 1389 1119 1452 de
1132 1387 1259 1472 reliquis
1280 1407 1344 1450 non
1366 1384 1509 1472 provisis

339 1492 474 1570 anobis,
489 1493 654 1580 diligenter
672 1491 849 1577 exquirens,
863 1500 897 1555 et
910 1511 931 1555 a
946 1491 1043 1555 Patre
1061 1489 1186 1555 disoens
1205 1486 1378 1554 annuntiet
1401 1485 1506 1558 nobis,

341 1602 377 1660 ut
389 1594 438 1660 'ei
452 1596 492 1659 de
507 1594 676 1682 majoribus
691 1593 996 1680 quoqueoredamua.
1019 1593 1054 1658 Si
1063 1601 1170 1658 autem
1181 1614 1220 1657 ea
1229 1613 1300 1678 qum
1309 1591 1342 1654 in
1351 1589 1507 1655 manibus

339 1705 424 1775 sunt,
438 1705 472 1764 et
490 1707 565 1763 ante
586 1699 691 1785 pedes,
707 1707 740 1764 et
761 1698 795 1762 in
814 1696 923 1774 oeulis,
939 1705 972 1761 et
985 1696 1126 1775 terrenis,
1141 1705 1175 1762 et
1188 1695 1346 1782 praeoipue
1362 1690 1505 1778 disposi-

339 1799 457 1867 tiouem
472 1801 652 1887 eapillorum
666 1801 778 1887 eapitis
795 1800 855 1878 sui,
870 1801 1010 1864 nondum
1028 1800 1133 1865 seiont
1148 1798 1170 1864 ii
1187 1799 1239 1886 qui
1256 1807 1332 1864 sunt
1353 1793 1503 1884 perlecti,

339 1905 601 1990 quemadmodum
629 1904 676 1970 eis
704 1906 743 1969 de
765 1904 964 1990 spiritalibus,
978 1911 1011 1968 et
1031 1902 1313 1988 superooelestibus,
1328 1909 1364 1966 et
1386 1900 1434 1964 de
1455 1897 1503 1962 his

338 2009 428 2092 ⁸quae
449 2027 543 2091 super
557 2007 661 2072 Deum
682 2029 762 2072 vana
778 2006 978 2094 persuasione
994 2007 1208 2084 ⁴eonfirmant,
1224 2005 1413 2070 credemus!
1460 1999 1503 2064 Et

340 2115 429 2172 tanta
448 2109 571 2193 quidem
587 2109 626 2173 de
640 2110 778 2174 numeria
792 2117 825 2174 et
839 2111 879 2175 de
893 2109 1080 2188 nominibus,
1094 2119 1128 2175 et
1142 2110 1182 2174 de
1195 2106 1332 2196 syllabis,
1346 2117 1384 2172 et
1400 2126 1501 2194 quaee·

339 2209 477 2276 tionibus
500 2233 606 2276 eorum
630 2233 700 2299 quae
725 2221 800 2280 sunt
823 2234 917 2300 super
941 2235 1011 2291 nos,
1037 2221 1071 2278 et
1095 2213 1134 2278 de
1157 2235 1196 2280 eo
1221 2212 1306 2300 quod
1328 2208 1499 2299 improprie
1586 2276 1587 2281 ,

339 2322 497 2399 exponant
512 2313 682 2400 parabolus,
695 2335 715 2379 a
729 2315 819 2381 nobis
833 2315 893 2381 ⁶sit
904 2315 1033 2396 dietum,
1043 2315 1294 2404 quondoquidem
1306 2318 1346 2380 ⁶a
1360 2324 1397 2381 te
1411 2311 1496 2401 plum
1586 2294 1587 2385 l

340 2415 402 2483 diei
417 2417 546 2503 possint.

1586 2516 1588 2563 l

790 2698 892 2763 CAP.
916 2697 1048 2766 XLIV.

722 2879 784 2954 Do
806 2893 945 2955 liotore
971 2879 1112 2957 altimo.

344 2996 526 3089 Quoniam
545 2997 743 3072 seeundum
757 2997 906 3073 illorum
930 3024 1139 3091 sermonem,
1163 3027 1246 3075 eom
1268 3001 1407 3077 anime
1424 3024 1491 3074 ser·

399 3127 536 3206 veritur,
556 3141 692 3190 neeesse
709 3128 759 3190 est
776 3129 808 3190 et
826 3141 986 3215 corporo
1001 3116 1241 3216 participare
1265 3119 1428 3194 salutem.

344 3286 373 3347 l.
419 3281 665 3346 annnrnuon
675 3287 781 3346 autem
793 3303 852 3346 nos
862 3281 902 3346 ad
916 3281 1035 3369 reliqna
1045 3304 1115 3370 quae
1126 3291 1200 3348 sunt
1210 3305 1318 3349 eorum
1331 3303 1490 3372 argumen-

340 3385 478 3451 tationis.
512 3385 550 3450 In
566 3385 833 3451 consummatione
851 3383 934 3449 enim
948 3386 1088 3451 dieentes
1101 3385 1239 3472 ipsorum
1255 3385 1395 3452 Matrem
1414 3389 1491 3452 intra

343 3489 489 3554 Pleroma
504 3487 635 3576 regredi,
648 3497 681 3554 et
694 3487 831 3574 recipere
845 3509 994 3574 sponsum
1009 3511 1103 3554 suum
1115 3489 1326 3564 Salvatorem;
1346 3513 1381 3556 se
1390 3499 1490 3556 autem

342 3592 489 3676 quoniam
503 3590 658 3679 spiritales
672 3613 740 3656 esse
755 3591 874 3670 dieunt,
889 3591 1096 3677 ⁷exspoliatos
1112 3591 1243 3670 animus,
1262 3601 1295 3657 et
1309 3593 1439 3678 spiritus
1451 3591 1491 3655 in·

341 3693 532 3760 telleotunles
544 3695 653 3774 laotos,
663 3717 794 3781 sponsas
808 3696 931 3762 futuros
943 3695 1129 3782 spiritalium
1137 3696 1333 3784 angelorum:
1352 3695 1490 3762 Demiur-

391 3898 400 3930 ¹
419 3899 506 3964 Suppl.
518 3907 545 3948 et.
948 3901 1031 3950 inodo
1047 3903 1115 3951 deest.
1135 3906 1237 3953 Gnau.
1270 3903 1397 3951 ‘1⁷hetext
1413 3912 1491 3967 agam

390 3979 470 4031 ''l'he
489 3982 589 4032 cnnnu.
609 3983 666 4032 MS.
684 3981 729 4031 has
746 3981 829 4042 edem,
847 3985 895 4032 bnt
947 3985 1009 4033 with
1019 3985 1063 4033 the
1073 3985 1174 4034 conas.
1186 3984 1242 4035 MS

343 4061 461 4111 Gmn's
473 4067 529 4111 text
541 4062 563 4110 ia
577 4061 687 4111 retained
700 4077 727 4110 aa
740 4063 816 4126 being
828 4077 894 4111 more
995 4061 1007 4094 ⁴
1023 4064 1172 4126 ooafirenoot,
1191 4066 1353 4128 popolonium

343 4143 421 4208 easily
431 4144 540 4193 restored
552 4143 577 4192 in
589 4144 680 4193 Greelr.
996 4147 1076 4197 ⁸'l'lre
1100 4147 1184 4197 Greek
1208 4147 1379 4198 commotiore
1402 4148 1433 4195 ol*
1454 4145 1491 4194 the

393 4223 481 4285 'Quae
501 4241 574 4289 super
595 4225 682 4276 Deum
725 4227 758 4275 Io
785 4225 895 4276 omnibus
947 4229 1059 4293 mogirlsr
1069 4230 1130 4278 verb
1140 4230 1329 4279 asteraneuter
1338 4229 1428 4294 plural.

343 4305 408 4356 editt.
422 4307 521 4370 leyitor:
538 4323 594 4372 quae
606 4313 666 4358 sunt
679 4310 710 4358 ad
722 4310 813 4358 Deum.
849 4307 896 4358 Sed
996 4307 1419 4374 ‘Thecnmeopyreadsonte
1581 4326 1582 4331 ¹

344 4388 372 4437 in
388 4389 460 4438 veteri
476 4389 708 4440 commoerentis·
724 4391 810 4440 eMS.
828 4391 892 4441 Voss.
996 4389 1171 4453 ⁷mpoliotoo,
1189 4406 1218 4439 eo
1241 4390 1372 4439 Messon·
1392 4390 1491 4438 ωπωίῦ
1573 4426 1578 4432 -

343 4479 403 4520 reete
419 4487 493 4536 anper
512 4472 561 4522 loeo
580 4471 612 4520 ad
634 4472 728 4534 ὡρίων,
748 4473 895 4536 auffroponte
948 4471 1065 4520 (ἔωθε
1078 4472 1235 4534 exspoliatum
1250 4472 1295 4520 the
1309 4470 1392 4521 Greek
1406 4469 1493 4526 osvius
1580 4520 1581 4531 ,

344 4551 521 4616 quodsum
542 4553 596 4604 MS.
614 4553 736 4605 Amdel.
759 4555 788 4602 io
805 4570 852 4618 quo
870 4571 896 4604 ar
948 4553 1141 4612 eremum
1157 4554 1202 4602 τὰς
1220 4553 1307 4614 ψυχάς,
1321 4567 1346 4615 p.
1360 4562 1399 4615 59,
1418 4549 1492 4597 ven

345 4651 400 4683 rom
415 4637 484 4700 aiore
501 4635 685 4686 odbremotionr‘r
699 4645 779 4698 mm,
799 4647 820 4686 et
836 4643 896 4686 sont
948 4651 1024 4699 many
1035 4636 1064 4684 of
1071 4635 1141 4684 these
1150 4639 1227 4683 termo
1238 4649 1280 4682 are
1291 4631 1377 4682 found.
