3225 5184
333 372 402 444 272
734 381 927 444 rmnnsva
951 387 1075 447 mnus.

169 563 321 605 uallauit.

169 612 322 743 cratin.

171 781 321 790 ,—
733 675 739 684 ’
798 695 902 762 cnr.
924 694 1027 760 v111.

336 865 498 943 Ostenstb
537 866 713 968 quoniam
751 880 800 942 est
837 880 871 942 ct
911 863 1068 941 substitit
1110 862 1245 943 mnndi
1275 866 1498 967 fabricator

409 986 522 1079 Deus,
545 1012 618 1062 non
639 998 776 1061 eminet
793 997 917 1059 antem
942 1010 1015 1060 esse
1039 982 1105 1085 qui
1127 1011 1240 1085 snper
1262 985 1359 1061 bunc
1381 984 1497 1060 edin-

410 1104 554 1181 venitur
570 1104 700 1180 Pater.

338 1300 368 1363 1.
405 1294 433 1361 N
439 1320 505 1362 nnc
527 1305 634 1362 autem
650 1295 765 1362 sufficit
782 1294 815 1361 id
838 1295 921 1383 quod
941 1304 991 1361 ast
1011 1295 1053 1361 ab
1074 1293 1131 1374 eis,
1153 1294 1207 1383 qui
1226 1294 1383 1362 coenaria
1399 1293 1497 1359 nobis

335 1400 443 1465 dicunt
463 1397 687 1478 testimonium,
711 1398 855 1464 omnibus
875 1396 1054 1462 hominibus
1073 1397 1115 1463 ad
1137 1396 1197 1462 hoc
1218 1397 1343 1462 demum
1361 1418 1497 1462 consen-

335 1502 495 1580 tientibus,
510 1502 666 1568 veteribus
682 1498 821 1588 quidem,
841 1502 889 1565 let
907 1498 1063 1587 inprimis
1083 1521 1104 1565 a
1117 1499 1310 1586 primoplasti
1323 1497 1497 1565 traditione

335 1606 417 1670 hanc
438 1604 597 1670 suadelam
618 1602 864 1669 custodientibus
881 1611 914 1670 et
937 1625 1034 1668 unum
1058 1602 1162 1669 Deum
1184 1602 1401 1668 fabricatorem
1420 1602 1497 1667 eoeli

336 1716 369 1772 et
397 1716 490 1773 terrae
519 1705 789 1794 hymnizantibus:
823 1705 950 1793 reliquis
974 1714 1081 1771 numm
1106 1714 1179 1792 post
1207 1726 1262 1771 eos
1285 1726 1306 1770 a
1331 1704 1498 1791 prophetis

338 1808 399 1875 Dei
414 1811 507 1896 hujus
521 1810 566 1875 rei
586 1809 912 1875 commemorationem
934 1808 1178 1894 accipientibus;
1202 1807 1335 1873 ethnicis
1353 1829 1428 1872 vero
1452 1809 1497 1871 ab

207 1940 259 1969 m·
291 1960 295 1969 .
337 1912 406 1999 ipsa
420 1913 597 1978 conditione
611 1912 812 1978 discentibus.
859 1910 934 1998 Ipsa
953 1911 1036 1976 enim
1051 1912 1188 1978 conditio
1202 1910 1339 1976 ostendit
1352 1931 1425 1975 eum
1439 1910 1497 1996 qui
1510 1931 1583 1970 ena

338 2014 476 2080 condidit
491 2037 560 2079 eam
572 2040 589 2097 ς,
604 2022 637 2079 et
651 2014 720 2099 ipsa
741 2014 864 2078 factura
877 2013 1018 2101 suggerit
1032 2036 1104 2078 eum
1118 2013 1172 2102 qui
1186 2013 1280 2088 fecit;
1303 2019 1337 2077 et
1357 2013 1499 2077 mundus

337 2114 517 2181 manifestat
536 2138 607 2181 eum
629 2116 683 2202 qui
700 2138 736 2180 se
758 2116 917 2203 disposuit.
964 2116 1107 2182 Ecclesia
1120 2126 1226 2182 autem
1240 2116 1342 2181 omnis
1355 2136 1411 2202 per
1425 2114 1499 2179 uui·

337 2241 460 2285 versum
475 2220 581 2285 orbem
595 2220 676 2285 hanc
691 2218 813 2305 accepit
827 2221 868 2284 ab
882 2220 1031 2306 apostolis
1043 2218 1252 2285 traditionem.

404 2326 435 2389 2.
480 2323 651 2389 Oomtante
676 2322 773 2410 igitur
795 2321 856 2388 hoc
887 2324 967 2400 Deo,
997 2322 1260 2412 quemadmodum
1285 2322 1431 2398 diximus,
1460 2331 1500 2387 et

338 2425 552 2493 testimonium
569 2426 611 2489 ab
626 2425 770 2490 omnibus
785 2425 959 2510 accipiente
981 2426 1127 2513 quoniam
1145 2433 1212 2490 est:
1236 2425 1288 2489 ille
1306 2424 1374 2489 sine
1387 2424 1498 2499 dubio,

339 2528 391 2618 qui
403 2530 574 2595 secuudum
596 2550 650 2594 eos
671 2527 867 2593 adinvenitur
880 2536 979 2613 pater,
995 2528 1178 2593 inconstans
1199 2535 1232 2593 et
1253 2527 1321 2592 sine
1335 2535 1419 2591 teste
1433 2534 1498 2603 est,

341 2633 466 2702 Simone
482 2656 574 2722 mago
589 2632 690 2718 primo
709 2631 831 2696 dicente
845 2629 1047 2717 semetipsum
1064 2653 1133 2697 essa
1148 2630 1359 2717 superomnia
1378 2630 1498 2709 Deum,

339 2735 541 2801 otmundum
561 2736 602 2799 ab
623 2733 744 2821 angelis
764 2735 834 2820 ejus
855 2733 990 2809 factum3
1015 2740 1088 2818 post
1101 2733 1214 2797 deinde
1227 2732 1288 2809 his,
1303 2732 1356 2820 qui
1370 2754 1500 2797 succes-

338 2847 446 2905 serunt
460 2840 489 2904 ei
503 2836 673 2904 secundum
689 2836 771 2923 quod
786 2836 979 2901 ostendimus
998 2836 1031 2899 in
1046 2836 1145 2922 primo
1160 2835 1248 2913 libro,
1264 2836 1357 2901 variis
1369 2843 1502 2900 sentem

338 2942 392 3008 tiis
412 2942 523 3027 impias
544 2948 578 3005 et
598 2938 785 3026 irreligiosas
799 2939 948 3003 adversus
961 2938 1179 3004 fabricatorem
1193 2921 1501 3005 circumducentibus

340 3044 509 3109 doctrinas:
531 3064 660 3129 quorum
675 3040 817 3129 discipuli
832 3064 903 3107 eum
917 3042 982 3108 sint
996 3042 1040 3120 hi,
1060 3042 1194 3107 ethnicis
1215 3043 1337 3129 pejores
1357 3042 1502 3107 efficiunt

175 3168 301 3209 nonanes.
339 3168 394 3213 eos
409 3146 461 3233 qui
476 3145 650 3210 assentiunt
665 3144 720 3209 eis.
768 3144 818 3209 llli
840 3144 924 3209 enim
942 3152 1094 3209 nocturn
1109 3145 1216 3230 potius
1237 3164 1331 3230 quom
1355 3144 1503 3208 ormari

175 3266 283 3307 anna
339 3252 559 3328 corsicanam
578 3250 698 3337 bisqui
719 3270 779 3315 nou
799 3259 871 3314 sunt
890 3248 959 3324 dii‚·
983 3256 1196 3315 verumtamen
1212 3249 1348 3336 primum
1369 3247 1501 3313 deitatis

338 3354 441 3420 locum
457 3352 633 3419 attribuunt
644 3352 822 3418 fabricatori
841 3351 935 3438 hujus
951 3351 1162 3417 universitatis
1185 3352 1267 3417 Deo.
1311 3351 1358 3415 Hi
1379 3358 1500 3429 autem,

339 3458 423 3521 hunc
437 3456 563 3545 quidem
577 3454 655 3521 labis
676 3456 813 3521 fructum
834 3455 986 3533 dicentes,
1009 3462 1043 3520 et
1063 3454 1231 3519 animalem
1250 3475 1323 3518 eum
1337 3461 1500 3530 vocautes,

340 3567 373 3625 et
387 3581 449 3624 non
463 3566 705 3645 cognoscentem
719 3580 790 3623 eam
809 3579 880 3645 quae
902 3579 996 3644 super
1015 3579 1088 3622 eum
1102 3566 1153 3623 est
1165 3558 1325 3634 urtumm,
1340 3556 1501 3621 dicentem

177 3682 318 3723 mairana
340 3682 473 3748 qnoque,
496 3662 562 3745 Epo
578 3681 646 3724 sam
665 3658 760 3736 Dens,
783 3670 813 3725 et
824 3670 945 3747 preter
962 3682 1009 3725 ms
1023 3681 1083 3725 noa
1096 3668 1141 3725 sst
1159 3661 1243 3725 olias
1261 3660 1357 3735 Dura,
1371 3657 1501 3723 mentiri

341 3782 413 3829 eum
439 3762 588 3839 dicentes,
614 3762 674 3847 ipsi
698 3762 896 3841 mentientes,
918 3784 1043 3829 omnem
1068 3763 1218 3828 malitiam
1243 3762 1425 3849 copulantes
1448 3762 1498 3836 ci;

340 3858 412 3947 eum
428 3864 481 3954 qui
496 3886 558 3929 uon
576 3872 625 3930 est
639 3886 734 3952 super
747 3864 841 3943 hunc,
857 3866 941 3954 quod
955 3866 1007 3944 sit,
1022 3868 1178 3954 fingentes
1189 3866 1361 3932 secundum
1373 3872 1501 3930 senten·

341 3970 418 4037 tiam
433 3990 532 4047 suam
548 3968 737 4057 deteguntur
755 3990 827 4033 eum
847 3968 972 4056 quidem
992 3968 1045 4055 qui
1066 3978 1115 4034 est
1130 3970 1219 4033 Deus
1233 3968 1499 4053 blasphemantes,

341 4094 413 4140 eum
436 4082 541 4138 autem
560 4072 613 4158 qui
635 4093 698 4137 non
721 4071 897 4137 est‘Deum
921 4071 1077 4158 fingentes
1098 4070 1132 4135 in
1152 4092 1242 4136 suam
1260 4070 1399 4157 ipsorum
1422 4090 1502 4134 con-

343 4174 584 4242 demnationem.
617 4174 662 4239 Et
676 4173 729 4260 qui
744 4173 853 4239 dicunt
873 4172 1059 4259 semetipsos
1072 4173 1226 4257 perfectos
1239 4179 1273 4237 et
1284 4170 1504 4236 universorum

344 4278 459 4343 habere
482 4272 673 4363 agnitionem
700 4274 835 4341 ethnicis
860 4275 992 4360 pejores,
1017 4282 1051 4339 et
1077 4272 1178 4363 magis
1204 4271 1378 4360 blasphemi
1403 4293 1504 4339 seusu

343 4379 440 4444 etiam
453 4377 616 4443 adversum
630 4398 722 4441 suum
735 4376 887 4443 factorem
899 4375 1108 4443 inveniuntur.

395 4515 405 4549 ¹
433 4518 486 4566 Τῶν
505 4514 611 4579 ἀρχαίων
631 4514 675 4575 μὲν
696 4514 736 4563 καὶ
759 4514 792 4563 τὰ
813 4516 899 4576 πρῶτα
948 4516 1040 4575 rcwbr
1055 4516 1101 4574 τὴν
1119 4514 1202 4564 πίστιν
1218 4516 1406 4576 φυλαττομένη
1422 4519 1502 4567 aaa.

360 4614 373 4645 κ
395 4597 439 4657 τῆς
460 4599 504 4646 roll
524 4596 719 4659 rporcrttmv
746 4598 900 4659 rapabbssnr
948 4596 1086 4661 (pampas
1095 4597 1170 4663 nae).
