3225 5184
291 421 354 484 120
698 433 822 486 martel
848 432 1027 485 ruatibus

120 609 274 696 {gfff}
287 593 477 676 auritteret
498 592 607 678 αὐτόν,
628 595 860 692 ἐχωρίσθησαν
876 599 939 666 τοῦ
956 595 1113 665 τοιούτου
1130 593 1260 664 θιάσου·
1298 591 1442 691 ἇκριβῶε

119 703 268 787 ΜΔὟ·“““·
288 705 409 790 είθυΐαι,
428 707 481 780 ὅτι
503 709 725 808 προφητεύειν
740 707 803 803 ούχ
822 705 887 778 ύπό
905 704 1050 804 Μόρκου
1066 710 1130 776 τού
1142 704 1256 796 μα’γου
1270 704 1440 797 ἐγγίνεται

126 823 274 834 ”“-“
288 830 359 896 τοῖς
389 819 582 918 ἀνθρώποις,
616 820 697 891 ἄλλ’
727 817 774 897 oio
801 815 842 890 όν
868 822 887 891 ὁ
917 818 1002 896 θεὸς·
1032 817 1151 889 ἄνωθεν
1177 817 1356 913 ε’πιπίμφη
1381 816 1443 898 τὴν

288 933 388 1030 χάριν
422 935 530 1017 αὑτοῦ,
562 932 655 1004 ούτοι
688 929 874 1004 θεόσδοτον
905 931 1020 1028 ἔχουσι
1049 931 1109 1014 τὴν
1138 929 1359 1030 προφητείαν,
1387 929 1441 998 καί

287 1046 378 1116 τότε·
390 1050 555 1116 λαλοῦσιν
577 1046 652 1116 ἔνθα
675 1045 728 1116 καὶ
751 1045 860 1116 ὁπότε
882 1042 967 1121 θεὸς
994 1045 1167 1132 βούλεται,
1193 1043 1270 1114 ἀλλ’
1300 1043 1363 1137 ούχ
1381 1041 1443 1112 όπε

288 1156 430 1255 Μόρκοο
451 1159 580 1228 κελεύει.
622 1156 677 1229 Τὸ
703 1155 771 1256 ’γὰρ
793 1163 924 1228 κελεῦον
943 1163 1007 1229 τοῦ
1030 1157 1241 1240 κελευομίνου
1264 1153 1378 1255 μεῖζόν
1401 1185 1443 1225 τε

287 1269 339 1341 καί
360 1271 563 1368 κυριώτερον,
588 1271 659 1340 ἐπεί
686 1268 730 1342 τὸ
759 1268 818 1354 μὲν
844 1280 1054 1369 προηγεῖται,
1080 1266 1123 1340 τό
1146 1266 1180 1339 δὲ
1203 1269 1440 1340 ὑποτέτακται.

287 1381 336 1453 Ei
358 1381 411 1454 ούν
428 1381 570 1482 Μόρκοε
591 1380 651 1466 μὲν
669 1383 797 1467 κελεύει,
819 1382 842 1466 η*
859 1383 965 1460 ἄλλος
986 1415 1046 1468 τις,
1063 1385 1104 1459 ὡς
1126 1383 1278 1454 είιύθασιν
1292 1379 1347 1450 ε’τί
1369 1389 1523 1456 roiam

288 1492 426 1574 δείπνοις
456 1502 536 1568 Ιτού
564 1496 687 1596 κλήρου
720 1497 811 1568 ούτοι
841 1497 993 1568 πόντοτε
1022 1493 1163 1595 παίζειν,
1192 1495 1246 1566 καί
1278 1493 1440 1575 ιἰλλῆλοιε

287 1609 516 1699 ἐγκελεύεσθαι
546 1607 591 1681 τὸ
622 1610 853 1708 προφητεύειν,
879 1609 933 1680 καί
959 1606 1044 1708 πρὸς·
1069 1605 1131 1685 τὰς
1158 1605 1242 1685 idlae
1267 1607 1440 1690 ἐπιθυμίαι

288 1723 415 1798 ἑαυτοῖς
431 1723 658 1806 μαντεύεσθαι,
678 1723 776 1794 ἔσται
797 1725 817 1792 ό
833 1723 967 1792 κελεύων
983 1718 1102 1822 μείζων
1118 1752 1158 1792 τε
1174 1720 1227 1792 καί
1245 1718 1440 1818 κυριιύπεροε

287 1840 350 1905 τοῦ
383 1840 598 1935 προφητικοῦ
626 1835 819 1919 πνεύματος,
856 1833 1028 1932 ἅνθρωπος
1062 1830 1114 1917 ιύν,
1149 1834 1233 1932 ὅπερ
1267 1829 1439 1904 ἀδύνατον.

288 1944 379 2017 ἆλλὰ
406 1952 547 2019 τοιαῦτα
574 1947 767 2030 κελευόμενα
791 1945 844 2016 ὑπ’
871 1947 976 2018 adrev
999 1946 1178 2031 πνεύματα,
1197 1946 1250 2017 καί
1268 1950 1440 2017 λαλοῦντα

289 2059 396 2130 ὁπότε
414 2060 597 2145 βούλονται
629 2059 732 2143 αύτοί,
756 2059 924 2157 ε’πίσαθρα
946 2059 1000 2130 καί
1027 2056 1149 2158 ἇθρανῆ
1174 2059 1259 2143 ε’στι,
1283 2054 1438 2154 τολμηρὰ

289 2169 324 2241 di
341 2169 393 2241 καί
413 2167 534 2254 ἆναιθῆ,
560 2169 624 2242 ύπό
642 2177 705 2242 τοῦ
721 2171 862 2243 Σατανᾶ
882 2173 1113 2256 ἐκπεμπόμενα
1133 2170 1219 2270 πρὸς
1235 2170 1438 2266 ε’ξατιίτησιν

288 2284 342 2354 καί
368 2282 535 2354 ἆπιύλειαν
563 2287 629 2354 τῶν
656 2284 701 2367 μὴ
725 2287 858 2355 εύτονον
884 2284 943 2366 τὴν
971 2284 1096 2370 πίστιν,
1118 2285 1154 2369 ἣν
1180 2284 1241 2354 ἆτ’
1265 2284 1368 2380 ἆρχῆι
1386 2277 1439 2351 ded

288 2403 346 2478 τῆο
363 2395 535 2477 ἐκκλησίαι
558 2397 766 2496 παρέλαβον,
785 2398 1042 2496 φυλασσόντων.

288 2543 373 2608 modi
391 2543 511 2616 insano,
530 2541 584 2628 qui
608 2564 642 2606 se
660 2541 797 2606 divinum
814 2542 935 2628 spirare
950 2543 1138 2609 simulabat:
1162 2566 1221 2628 pro
1238 2552 1326 2608 oerto
1343 2542 1440 2607 aoieu-

287 2653 346 2723 tea,
365 2643 514 2730 quoniam
531 2642 723 2728 prophetare
747 2664 810 2705 non
833 2665 854 2708 a
872 2643 985 2708 Marco
1002 2665 1096 2730 mago
1113 2643 1236 2708 inditur
1251 2641 1440 2716 homiuibus,

286 2743 342 2808 sed
360 2743 597 2830 quibuscunque
616 2739 704 2806 Deua
721 2741 857 2827 desuper
878 2741 1044 2808 immiserit
1063 2743 1202 2830 gratiam
1221 2764 1321 2807 auam.
1349 2741 1396 2805 2bi
1421 2763 1442 2804 a

288 2842 360 2907 Deo
370 2843 523 2908 traditam
533 2843 653 2906 habent
666 2840 877 2926 prophetiam,
883 2850 915 2907 et
926 2851 1003 2908 tuno
1013 2843 1187 2927 loquuntur
1197 2842 1303 2916 ubi‚et
1314 2841 1441 2927 quaudo

288 2941 377 3006 Deus
394 2943 483 3015 vuit;
502 2943 634 3006 sednon
652 2941 778 3026 quando
794 2941 925 3006 Marone
937 2942 1040 3026 jubet.
1081 2942 1176 3018 Quod
1191 2941 1275 3006 anim
1285 2941 1388 3026 jubet,
1402 2963 1441 3004 εο

286 3042 371 3126 quod
384 3042 518 3128 jubetur
528 3042 629 3126 majus
642 3051 691 3105 eat
704 3047 738 3105 et
751 3041 951 3106 dominatiua.
967 3042 1115 3127 quoniam
1128 3042 1205 3107 iilud
1216 3042 1341 3127 quidem
1355 3039 1441 3125 prin-

286 3141 420 3226 cipatur,
432 3141 508 3206 illud
520 3149 628 3205 autem
644 3141 822 3225 subjectum
836 3151 894 3210 eat.
923 3140 956 3205 Si
971 3165 1047 3228 ergo
1060 3144 1185 3206 Meroua
1198 3141 1324 3227 quidem
1337 3140 1440 3226 jubet.

286 3241 335 3304 vei
352 3241 431 3306 alius
449 3241 528 3326 quis,
547 3241 630 3305 siout
645 3241 749 3304 nolent
766 3240 798 3304 in
816 3242 915 3305 ooenia
934 3241 1073 3306 sortibus
1088 3241 1121 3304 hi
1138 3263 1247 3305 omnes
1270 3241 1388 3316 ludere,
1407 3248 1441 3303 et

286 3339 488 3425 sibimetipsis
502 3341 634 3406 invicem
657 3340 815 3425 imperare
837 3348 875 3405 ut
895 3340 1098 3426 prophetent,
1124 3349 1158 3406 et
1180 3341 1352 3406 seeundum
1369 3361 1442 3403 auae

287 3439 555 3526 concupiscentiae
572 3463 626 3504 eos
641 3440 700 3504 eibi
718 3441 921 3525 prophetare,
939 3440 1003 3505 erit
1019 3441 1071 3506 iile
1089 3440 1144 3526 qui
1165 3442 1259 3526 jubet
1282 3448 1316 3504 et
1340 3438 1443 3523 major

287 3548 320 3604 et
339 3539 532 3604 dominatior
547 3539 735 3624 prophetico
752 3540 876 3624 spiritu,
892 3562 964 3606 cum
981 3539 1024 3604 sit
1040 3540 1145 3617 homo,
1163 3541 1248 3626 quod
1261 3546 1309 3604 eat
1327 3539 1443 3623 impoe-

287 3637 385 3701 eibile.
439 3637 504 3702 Sed
531 3639 611 3703 tales
643 3639 771 3723 quidem
800 3640 854 3725 qui
884 3641 1039 3724 jubentur
1067 3641 1109 3705 ab
1135 3640 1211 3725 ipsis
1239 3639 1381 3724 spiritua,
1407 3645 1442 3701 et

288 3737 462 3822 loquuntur
477 3739 604 3823 quando
625 3739 734 3802 volunt
762 3737 832 3823 ipsi,
850 3739 971 3803 terreni
999 3749 1033 3806 et
1053 3739 1170 3804 infirmi
1193 3747 1277 3804 aunt.
1306 3738 1443 3802 audaoea

287 3844 394 3901 autem
412 3845 445 3902 et
462 3837 671 3922 impudentes,
688 3859 708 3900 a
725 3836 847 3902 Satana
861 3838 989 3903 immissi
1006 3841 1046 3903 ad
1060 3840 1276 3904 seductionem
1292 3845 1327 3904 et
1339 3837 1442 3923 perdi·

286 3937 406 4000 tionem
422 3959 540 4006 eorum.
559 3937 613 4022 qui
637 3958 700 4000 non
719 3937 844 4001 firmam
867 3937 973 4014 fidem,
992 3961 1087 4023 quam
1105 3941 1146 4004 ab
1163 3937 1255 4002 initio
1271 3959 1329 4024 per
1345 3937 1442 4002 eoele-

284 4037 364 4100 siam
379 4045 579 4122 aeceperunt,
597 4037 793 4104 custodiunt..

334 4161 343 4193 ¹
363 4163 442 4210 '‘'ldrt
455 4165 503 4212 τοῖς
515 4165 615 4212 δείπνοις
626 4164 669 4210 τοῦ
680 4165 768 4224 κλήρου
779 4160 846 4212 οὗτοι
891 4170 986 4229 garant.
997 4165 1040 4214 Fr.
1050 4166 1082 4214 D.
1100 4165 1210 4213 Videtur
1218 4169 1302 4212 autam
1314 4163 1443 4226 Interprcs

287 4245 392 4292 πάντοτε
409 4243 513 4308 παίζειν]
536 4243 585 4292 11ae
604 4259 689 4303 ooeuae,
708 4245 735 4291 in
753 4245 845 4307 quibua
891 4248 931 4297 hie
950 4247 1052 4311 legisse:
1077 4250 1132 4298 τοὺς
1146 4249 1247 4308 κλήρους
1269 4243 1336 4294 οὗτοι
1355 4247 1443 4294 πάντες

286 4325 394 4374 sortibus
411 4326 554 4386 utebantur,
567 4325 593 4373 in
610 4325 754 4374 memoriam
771 4327 843 4374 nobie
891 4327 1007 4386 ταίζειν.”
1041 4328 1144 4377 Gom.

286 4411 403 4454 revooant
414 4406 457 4454 illa
467 4406 534 4469 apud
546 4406 698 4454 Horatium:
936 4405 1095 4457 'Massam
1116 4409 1191 4457 emita
1210 4413 1237 4456 to
1259 4405 1366 4464 remark,
1386 4405 1444 4453 that

342 4488 392 4537 Νεε
403 4505 478 4550 rayno
488 4488 541 4536 υίαί
551 4489 646 4536 sonim
656 4487 713 4536 ala
720 4507 731 4544 ,·
747 4491 780 4548 et,
888 4490 931 4538 the
942 4490 1042 4540 Cannu.
1057 4491 1114 4539 MS.
1129 4491 1174 4538 har
1184 4489 1212 4538 ti
1222 4505 1239 4537 α
1250 4489 1309 4548 Deo,
1321 4488 1365 4536 ata
1375 4486 1444 4535 older

320 4569 393 4627 Quem
412 4569 488 4616 Venus
498 4568 618 4618 areima
630 4567 698 4616 Diod
709 4567 824 4616 titmdtr
886 4571 992 4620 editione
1003 4572 1106 4635 reuliug
1120 4572 1181 4620 with
1197 4571 1240 4620 the
1256 4571 1364 4618 Antan.
1382 4568 1439 4617 MS.

286 4665 342 4697 eum
359 4649 550 4712 modiperatorea
567 4649 673 4698 talorum
689 4649 760 4711 jactu
780 4650 838 4707 deli:
886 4650 914 4698 λε’
924 4651 955 4699 ad
965 4667 999 4700 εο.
