3225 5184
327 365 394 430 364
749 381 790 432 m
816 379 1057 435 onurunounr

160 556 314 596 oronnae
328 533 447 599 inutilis
465 533 638 620 conceptio,
654 542 687 600 et
704 534 746 599 ad
759 533 891 600 nihilum
904 542 989 621 apta,
1012 533 1090 599 nihil
1111 533 1195 600 enim
1215 554 1342 618 percos
1356 537 1490 617 apparet

173 603 300 735 (lffibll'
328 637 455 702 factum.
503 637 563 720 Qui
589 645 695 703 numm
720 637 853 704 amasus
879 646 929 704 est
952 637 1126 704 secundnm
1148 658 1203 702 eos
1232 637 1332 714 Deus,
1364 635 1491 701 inferior

162 724 313 780 --’-
327 739 403 826 ipsis
416 740 572 806 exsistens
586 739 760 806 secundum
773 740 1079 829 argumentationem
1090 761 1208 820 eorum,
1218 739 1394 805 animalem
1409 738 1491 803 enirn
1577 734 1578 741 '

326 864 397 908 eum
421 865 491 908 esse
510 842 628 922 volunt,
651 843 682 907 in
704 845 811 909 omnia
833 854 989 930 operator,
1007 851 1041 910 et
1060 844 1184 922 efficax,
1201 851 1235 910 et
1249 842 1408 928 aptabilis
1423 841 1490 918 finit,

326 947 374 1012 uti
395 970 450 1032 per
473 969 545 1012 eum
560 947 697 1012 omnium
713 947 865 1036 imagines
878 948 1008 1014 fierent:
1031 956 1065 1012 et
1079 969 1142 1012 non
1156 955 1279 1012 tantum
1293 969 1370 1034 quae
1385 946 1491 1010 viden·

326 1058 379 1115 tur
402 1050 481 1128 baec,
504 1049 560 1114 sed
584 1058 617 1116 et
641 1049 817 1129 invisibilia,
843 1051 971 1138 Angeli,
999 1049 1200 1136 Archangeli,
1231 1049 1489 1124 Dominationes,

328 1153 518 1232 Potestates,
534 1161 567 1218 et
583 1153 737 1232 Virtutes,
753 1177 810 1239 per
823 1154 906 1220 hunc
920 1154 1026 1218 omnia
1039 1155 1124 1220 faeta
1142 1161 1226 1230 sunt,
1241 1152 1391 1218 videlicet
1405 1151 1490 1216 velut

327 1278 383 1343 per
396 1256 564 1336 meliorem,
580 1257 680 1342 etqui
699 1257 799 1343 possit
812 1257 965 1323 voluntati
986 1257 1151 1322 deservire.
1194 1257 1282 1322 Nihil
1296 1265 1411 1322 autem
1436 1277 1490 1339 per

327 1359 385 1424 hos
408 1359 546 1424 Matrem
564 1368 695 1445 apparat
717 1359 838 1438 fecisse,
859 1361 1119 1445 quemadmodum
1138 1367 1172 1426 et
1192 1359 1251 1446 ipsi
1273 1361 1486 1428 confitentum

327 1460 373 1524 uti
395 1461 483 1546 juste
504 1463 574 1546 quis
595 1460 730 1526 aestimet
751 1483 806 1527 eos
827 1463 972 1527 abortum
989 1462 1085 1528 fnisse
1106 1462 1188 1528 male
1202 1461 1352 1548 parientis
1370 1460 1490 1525 Matris
1579 1458 1580 1477 ³

327 1563 474 1650 ipsorum.
505 1564 578 1630 Non
591 1563 675 1629 enim
689 1564 875 1630 obstetrices
888 1586 957 1630 cam
972 1565 1304 1641 obstetricaverunt,et
1317 1571 1488 1652 propterea

327 1666 411 1732 velut
431 1669 576 1733 abortum
597 1668 727 1754 projecti
749 1675 834 1745 aunt,
860 1668 893 1730 in
919 1667 1049 1732 nihilum
1069 1668 1171 1746 utiles,
1195 1667 1237 1732 ad
1258 1666 1383 1731 nullum
1409 1685 1488 1750 opus

326 1771 402 1837 iacti
429 1770 538 1837 Matri.
582 1771 628 1836 Et
649 1779 750 1837 semet
776 1771 919 1836 meliores
941 1780 1054 1836 vocant
1078 1794 1117 1836 eo
1144 1792 1316 1857 perquem
1337 1777 1434 1834 tanta
1454 1777 1486 1831 et

326 1873 402 1940 talia
415 1873 583 1940 factasunt
599 1881 631 1938 ct
645 1873 805 1960 disposita,
822 1873 946 1958 quando
960 1881 993 1938 et
1007 1895 1063 1960 per
1075 1895 1167 1939 snam
1179 1873 1484 1960 argumentationem

327 1983 493 2063 ¹perqnam
508 1976 668 2042 inferiores
682 1975 816 2042 multum
831 1975 1038 2041 inveniuntur.
1062 1976 1114 2041 Ac
1124 1975 1207 2042 velut
1217 1976 1280 2041 duo
1294 1977 1484 2041 ferramenta

326 2081 476 2167 operaria,
503 2079 551 2144 vel
575 2101 693 2165 organa
718 2078 780 2144 duo
803 2101 876 2145 cum
898 2078 973 2158 sint,
997 2102 1039 2144 ex
1061 2078 1174 2164 quibus
1196 2078 1331 2144 alterum
1355 2078 1482 2165 quidem

325 2205 449 2268 semper
470 2181 503 2245 in
523 2182 667 2246 manibus
689 2190 722 2247 et
743 2181 776 2246 in
798 2204 857 2246 usu
878 2182 992 2246 artifex
1013 2183 1139 2260 habeat,
1161 2191 1195 2248 et
1211 2205 1267 2268 per
1288 2183 1366 2248 illud
1388 2181 1481 2247 faeiat

326 2293 443 2372 quanta
464 2284 548 2364 velit,
575 2293 608 2349 et
630 2285 775 2350 ostendat
802 2293 905 2350 artem
932 2292 966 2350 et
994 2285 1180 2371 sapientiam
1207 2307 1317 2362 suam;
1347 2286 1480 2351 alterurn

325 2397 431 2454 autem
446 2409 578 2453 vacnum
592 2395 687 2472 atque
704 2388 840 2454 otiosum
863 2397 1048 2473 perseveret,
1070 2397 1104 2453 et
1124 2388 1192 2454 sine
1213 2389 1406 2475 operatione,
1427 2408 1480 2473 per

326 2493 408 2577 quod
429 2491 505 2556 nihil
525 2490 652 2556 omnino
669 2498 798 2578 apparet
816 2491 933 2556 faciens
954 2491 1078 2569 artifex,
1093 2500 1126 2556 et
1146 2490 1179 2554 in
1193 2491 1310 2556 nnllam
1323 2493 1477 2558 actionem

325 2617 363 2661 eo
377 2603 489 2662 utens:
513 2593 624 2659 deinde
646 2594 729 2659 dicat
751 2594 823 2679 quis
838 2593 947 2658 inutile
960 2593 1021 2660 hoc
1035 2602 1068 2658 et
1083 2615 1213 2659 vacuum
1227 2602 1323 2680 atque
1343 2596 1476 2661 otiosum

325 2700 435 2764 melius
448 2721 517 2764 esse
532 2707 565 2763 et
579 2697 675 2785 pluris
689 2697 741 2761 illo
755 2719 818 2782 quo
832 2696 929 2761 utitur
943 2695 977 2760 in
996 2718 1099 2782 opere,
1114 2719 1169 2783 per
1183 2697 1265 2782 quod
1279 2707 1313 2762 ct
1324 2697 1476 2785 glorifica·

325 2811 377 2866 tur
391 2802 457 2887 ipse
478 2801 609 2865 artifex:
633 2800 684 2864 hic
707 2798 802 2886 igitur
820 2799 941 2864 ²hebee
961 2821 1031 2864 esse
1046 2799 1131 2884 juste
1145 2798 1347 2864 arbitrabitur
1360 2800 1415 2886 qui
1435 2797 1475 2862 ait

323 2904 405 2980 talis,
421 2911 454 2968 ct
468 2901 582 2967 mentis
595 2923 661 2966 suae
676 2922 738 2966 non
753 2923 890 2989 compos.
922 2902 976 2967 Sic
989 2912 1096 2967 autem
1110 2911 1142 2968 et
1156 2902 1199 2980 hi,
1214 2912 1314 2968 semet
1321 2901 1475 2988 spiritales

324 3016 357 3070 et
382 3005 524 3070 meliores
546 3004 695 3082 dicentes,
719 3013 752 3068 et
777 3003 984 3092 Demiurgum
1009 3004 1184 3081 animalem,
1207 3014 1239 3070 et
1265 3014 1395 3091 propter
1418 3005 1474 3068 hoc

323 3109 592 3196 superascendere,
615 3115 648 3172 et
668 3106 750 3172 intra
774 3106 921 3172 Pleroma
941 3117 1105 3196 penetrare
1125 3109 1168 3173 ad
1187 3108 1270 3174 viros
1294 3130 1380 3188 suos,
1402 3115 1474 3174 snnt

323 3212 406 3278 enim
429 3210 565 3277 foeminae
585 3209 846 3296 quemadmodum
869 3209 928 3296 ipsi
951 3212 1150 3289 confitentur,
1173 3211 1277 3275 Deum
1299 3221 1408 3276 antem
1430 3210 1473 3273 in·

322 3315 466 3382 feriorem
490 3322 523 3380 et
547 3320 673 3400 propter
701 3313 760 3378 hoo
784 3333 910 3378 manere
932 3312 965 3377 iu
988 3314 1165 3392 medietate,
1187 3323 1221 3379 et
1246 3315 1339 3400 hujus
1358 3315 1472 3381 nubam

322 3416 534 3482 ostensionem
555 3416 737 3481 afferentes:
762 3414 815 3500 qui
834 3415 919 3480 enim
942 3415 1050 3480 melior
1069 3425 1127 3490 est,
1144 3439 1185 3482 ex
1203 3417 1347 3504 operibus
1370 3427 1472 3484 osten·

322 3520 423 3585 ditur:
447 3519 551 3584 omnia
565 3519 648 3583 enim
663 3539 791 3607 operaa
808 3518 980 3606 Demiurgo
993 3518 1078 3596 facta
1098 3529 1191 3595 sunt;
1213 3541 1270 3606 per
1291 3520 1472 3606 semetipsos

322 3631 428 3686 autem
451 3621 527 3685 nihil
550 3620 681 3708 dignum
707 3621 829 3685 ratione
856 3618 974 3685 factum
999 3621 1163 3687 ostendere
1187 3621 1349 3699 babentes,
1372 3618 1470 3688 insani

322 3733 395 3790 sunt
409 3745 531 3788 summa
545 3732 578 3790 et
592 3723 753 3789 insanabili
769 3723 898 3788 insania

389 3834 419 3893 5.
445 3827 478 3892 Si
501 3837 607 3892 autem
633 3826 850 3893 contenderint
873 3827 985 3905 dicere,
1012 3827 1158 3914 quoniam
1184 3849 1377 3915 quaecunque
1402 3831 1471 3894 sunt

322 3931 447 4018 quidem
468 3929 650 4008 materialia,
672 3938 805 4016 utputa
828 3929 952 4008 ooelum,
974 3938 1007 3995 et
1030 3930 1192 3996 universus
1212 3931 1265 4017 qui
1284 3931 1365 3998 infra
1384 3935 1471 3997 ³eum

321 4036 497 4101 continetur
526 4035 670 4114 muudus,
697 4057 718 4100 a
747 4034 922 4123 Demiurgo
950 4035 1036 4099 facta
1057 4043 1153 4111 sunt;
1188 4044 1342 4123 quotquot
1369 4046 1471 4102 aurem

320 4139 507 4226 spiritaliora
530 4138 591 4218 bis,
616 4137 668 4204 illa
689 4161 760 4225 quae
782 4148 857 4204 sunt
883 4160 976 4225 super
997 4137 1121 4218 coelum,
1145 4147 1280 4224 utputa
1305 4139 1469 4228 Principia,

322 4297 438 4345 Buranun
447 4297 528 4361 copies
539 4297 605 4359 bim;
615 4295 665 4347 and
677 4297 697 4346 it
708 4296 729 4346 ia
740 4302 785 4346 not
795 4294 875 4346 found
923 4296 955 4344 εἰς
971 4296 1037 4344 οὐδὲν
1052 4295 1168 4357 χρησίμη.

320 4379 347 4427 in
356 4379 506 4430 thecum.
518 4378 872 4444 mpy3stilltbeotberMSS.
971 4375 1066 4434 ¹urlta
1076 4379 1171 4440 σφόδρα
1181 4378 1303 4429 ctam

321 4459 384 4508 have
395 4460 424 4520 it,
437 4461 487 4510 and
497 4460 519 4509 it
529 4460 550 4510 is
561 4461 682 4510 therefore
692 4460 803 4508 retained
812 4477 820 4520 ς
830 4461 874 4510 tba
970 4457 982 4490 ¹
997 4459 1050 4508 'ibe
1061 4459 1138 4510 MSS.
1150 4476 1224 4525 agree
1238 4461 1264 4510 in
1279 4461 1323 4510 tbe
1333 4459 1395 4511 falsa
1406 4457 1467 4510 read·

322 4540 404 4590 Greek
426 4557 485 4606 may
506 4540 569 4590 bava
587 4541 657 4600 been,
682 4541 721 4588 cal
739 4541 755 4599 ἡ
772 4542 812 4589 διὰ
829 4543 875 4589 τοῦ
920 4541 965 4606 ing
975 4539 1072 4590 maso.

322 4623 433 4684 Σωτῆρος
444 4619 554 4686 [θεωρίαι
565 4619 610 4689 aa]
622 4623 742 4686 σύλληψις
757 4623 821 4683 nort,
834 4623 874 4670 sal
969 4621 981 4654 ⁸
996 4639 1057 4684 οιιιιι,
1071 4623 1174 4686 oripvtv,
1187 4637 1218 4673 eo.
