3225 5184
641 376 867 432 commus.

668 584 763 684 Κεφ.
781 587 842 655 ια’.

31 787 34 798 ·
450 731 581 821 Qualis
605 745 654 807 est
680 732 853 807 doctriua
880 732 1055 809 Cerintho.

30 873 36 909 ⁹
69 886 150 973 {iffi
242 876 528 949 ΙΚΗΡΙΝΘΟΣ
560 879 595 951 de'
625 912 684 964 τις,
718 876 812 987 [καὶ]
840 880 937 959 αὐτὸς
965 880 1166 975 Αἰγυπτίων
1194 883 1326 978 παιδείᾳ

68 980 146 1020 ’Μ
171 989 332 1074 ἀσκηθεὶς,
352 991 468 1083 ἔλεγεν
486 993 549 1088 οὐχ
566 991 630 1064 ὑπὸ
649 1000 712 1065 τοῦ
730 992 867 1094 πρώτου
885 989 1005 1099 [suppl.
1025 991 1131 1101 Θεοῦ]
1153 1002 1325 1092 γεγονέναι

170 1100 232 1173 'cdv
250 1104 387 1187 κόσμον,
407 1104 485 1174 ἀλλ’
505 1104 570 1175 ὑπὸ
588 1103 745 1189 δυνάμεως
761 1106 851 1182 τινός
869 1109 1116 1206 κεχαρισμένης,
1131 1104 1252 1215 [suppl.
1271 1112 1325 1182 καὶ

171 1210 379 1319 ἀπεχούσης]
409 1224 468 1299 τῆς
498 1216 579 1318 ὑπὲρ
606 1216 651 1290 τὰ
683 1220 748 1289 ὅλα
778 1218 938 1313 ἐξουσίας,
968 1220 1022 1290 καὶ
1054 1221 1239 1313 ἀγνοούσης
1265 1222 1326 1295 τὸν

170 1324 252 1426 ὑπὲρ
273 1324 386 1399 πάντα
404 1329 499 1401 Θεόν.
552 1329 625 1401 Τὸν
643 1329 678 1401 δὲ
697 1331 829 1413 Ἰησοῦν
857 1332 1000 1405 ὑπέθετο
1026 1334 1071 1417 μὴ
1097 1336 1131 1405 ἐκ
1160 1339 1325 1434 παρθένου

170 1444 382 1531 γεγενῆσθαι,
414 1444 586 1533 γεγονέναι
611 1441 646 1513 δὲ
671 1442 771 1515 αὑτὸν
794 1441 832 1537 ἐξ
853 1442 984 1543 Ἰωσὴφ
1009 1446 1064 1515 καὶ
1093 1446 1229 1545 Μαρίας
1255 1446 1325 1522 οἷον

170 1546 212 1657 [l.
233 1546 330 1659 uida]
349 1554 467 1637 ducitae
485 1567 557 1632 τοῖς
581 1564 714 1632 λοιποῖς
740 1552 867 1627 ἅπασιν
897 1558 1090 1656 ἀνθρώποις,
1117 1559 1170 1629 καὶ
1204 1557 1325 1631 δικαιό-

168 1696 268 1763 τερον
303 1667 477 1759 γεγονέναι
505 1663 599 1774 [ΙΝΤ.
632 1668 686 1739 καὶ
721 1664 992 1773 φρονιμώτερον]
1022 1671 1076 1740 καὶ
1113 1672 1322 1772 σοφώτερον.

168 1776 239 1848 Kat
269 1776 355 1862 μετὰ
387 1777 431 1855 τὸ
463 1777 649 1869 βάπτισμα
677 1786 852 1854 κατελθεῖν
878 1783 921 1858 εἷς
951 1781 1052 1853 αὐτὸν
1081 1782 1143 1855 τὸν
1169 1780 1211 1889 [l.
1232 1779 1322 1889 ἀπὸ]

168 1896 227 1971 τῆς
243 1888 325 1990 ὑπὲρ
347 1888 392 1963 τὰ
417 1892 483 1965 ὅλα
506 1893 682 1977 αὕθεντῖας,
705 1892 767 1965 τὸν
788 1892 948 1994 Χριστὸν
967 1896 1000 1963 ἐν
1017 1893 1090 1965 εἴδει
1111 1901 1322 1996 περιστερᾶς·

167 2000 221 2071 καὶ
250 2004 334 2074 τότε
358 2002 491 2103 κηρῦξαι
518 2003 579 2077 τὸν
606 2004 758 2098 γνωστὸν
788 2002 831 2112 [l.
859 2002 1054 2111 ἄγνωστον]
1091 2010 1232 2109 πατέρα,
1268 2010 1323 2080 καὶ

628 2208 728 2277 oAP.
757 2210 863 2277 XXI.

242 2349 294 2415 Er
323 2349 497 2417 Corinthus
517 2360 626 2419 autem
651 2352 781 2439 quidam
806 2352 840 2417 in
856 2352 937 2418 Asia
959 2352 997 2439 [l.
1020 2354 1195 2443 AEgypto]‚
1213 2377 1276 2420 non
1302 2379 1322 2420 a

166 2450 271 2537 primo
296 2450 368 2515 Deo
394 2452 513 2519 sactum
536 2474 604 2518 esse
626 2454 779 2517 mundum
800 2453 919 2525 docuit,
935 2454 991 2517 sed
1009 2476 1029 2517 a
1045 2455 1165 2521 virtute
1183 2456 1322 2540 quadam

164 2551 258 2615 valde
279 2558 438 2636 separata,
459 2558 493 2617 et
516 2552 658 2618 distante
683 2553 724 2616 ab
749 2574 787 2617 ea
810 2552 1047 2637 principalitate
1064 2576 1135 2638 quae
1152 2562 1201 2618 est
1226 2576 1323 2639 super

164 2650 320 2727 universa,
340 2660 374 2716 et
390 2651 559 2738 ignorante
577 2674 649 2715 eum
667 2651 720 2736 qui
739 2658 900 2736 estsuper
918 2650 1025 2715 omnia
1043 2650 1159 2715 Deum.
1207 2651 1321 2717 Jesum

165 2758 274 2813 autem
291 2750 436 2835 subjecit,
455 2773 519 2817 non
537 2774 576 2816 ex
591 2750 712 2837 virgine
728 2758 849 2827 natum,
869 2749 1096 2838 ²[impossibile
1113 2750 1196 2814 enim
1214 2752 1274 2815 hoc
1292 2753 1322 2816 ei

164 2849 265 2912 visum
292 2849 369 2937 est]‚
388 2851 483 2915 irrisae
500 2858 609 2915 autern
629 2872 702 2915 eum
718 2849 742 2914 J
744 2850 842 2934 oseph
861 2858 894 2914 et
915 2849 1030 2913 Marioe
1046 2850 1156 2924 filium,
1175 2850 1323 2915 similiter

164 2956 202 3012 nt
220 2949 333 3035 reliqui
349 2971 458 3015 omnes
474 2950 626 3026 homines,
645 2959 678 3015 et
696 2950 766 3036 plus
783 2950 924 3035 potuisse
938 2949 1076 3034 justitia,
1089 2958 1121 3014 et
1139 2951 1320 3035 prudentia,

165 3056 198 3113 et
218 3050 376 3134 sapientia
393 3052 451 3115 ³ab
474 3050 627 3115 omnibus.
680 3048 726 3115 Et
748 3058 822 3134 post
847 3050 1040 3135 baptismum
1066 3050 1264 3115 descendisse
1287 3051 1321 3114 in

164 3170 246 3226 eum,
266 3151 306 3214 ab
324 3172 362 3214 ca
377 3150 613 3236 principalitate
630 3172 700 3235 quae
718 3157 768 3213 est
789 3150 1016 3235 superomnia,
1036 3147 1200 3213 Christum
1218 3150 1321 3235 figura

164 3248 334 3324 columbaer
363 3258 398 3316 et
422 3258 499 3316 tunc
516 3250 724 3315 annuntiasse
746 3248 944 3334 incognitum
967 3248 1112 3327 Patrem,
1130 3255 1164 3312 et
1184 3247 1320 3313 virtutes

213 3444 293 3495 1Ὲοτ
304 3448 347 3496 the
359 3448 473 3512 opinions
484 3448 513 3496 of
521 3448 662 3507 Corinthus,
676 3462 717 3496 see
765 3462 824 3510 may
840 3446 872 3494 be
889 3446 984 3494 vievrcd
1006 3444 1086 3509 ealcly
1108 3460 1136 3493 ee
1158 3460 1174 3491 a
1193 3444 1319 3507 marginal

163 3527 208 3575 the
229 3528 415 3591 Prolepomea;
436 3532 487 3580 this
507 3530 601 3580 herotic
622 3529 717 3593 plainly
765 3527 840 3590 gloss.
861 3527 1021 3575 Neitherhae
1029 3526 1189 3574 Turonum
1197 3525 1321 3590 anything

163 3608 282 3671 departed
310 3610 374 3659 from
402 3613 445 3661 the
472 3627 586 3661 common
608 3616 668 3675 type
690 3610 720 3658 cf
765 3608 868 3658 similar.
1376 3672 1379 3676 ἢ

85 3676 86 3679 ¹
164 3688 269 3737 Docetio
291 3690 445 3741 Gnosticism
468 3693 495 3741 in
520 3708 567 3741 one
588 3708 650 3756 very
671 3692 716 3739 im-
816 3689 895 3740 3Τλο
912 3692 1022 3740 Hebrev
1034 3690 1320 3755 comparativeisosten

163 3773 266 3831 portant
283 3772 426 3834 particular,
441 3774 521 3821 which
538 3790 596 3833 naa,
613 3774 669 3821 that
685 3773 717 3820 he
765 3772 853 3835 copied
872 3772 899 3820 in
917 3773 961 3821 the
980 3772 1069 3822 Lxx.
1088 3773 1122 3837 by
1137 3772 1181 3820 the
1198 3771 1321 3834 adjective

163 3848 267 3897 nllowod
278 3850 321 3899 the
331 3851 426 3899 human
437 3852 503 3917 body
515 3854 543 3903 cl
554 3869 600 3903 our
611 3854 716 3902 Lordto
765 3851 816 3899 und
839 3852 896 3911 ἀπὸ,
920 3851 970 3899 and
991 3852 1101 3913 through
1122 3851 1166 3899 the
1191 3850 1274 3898 Greek
1300 3851 1322 3898 it

162 3929 227 3978 have
241 3930 303 3977 been
319 3931 400 3979 raised
417 3932 491 3995 again
508 3934 572 3982 from
586 3936 629 3983 the
643 3935 715 3983 dead.
766 3932 884 3980 descende
895 3937 923 3981 ιο
934 3932 1107 3980 ecclesiastical
1118 3931 1202 3978 Latin.
1234 3930 1322 3977 Veteres

162 4012 322 4060 Turonorum
333 4014 717 4063 combineethetvrostatcmente
765 4013 797 4060 ub
820 4012 849 4060 ιἰι
865 4012 1086 4075 comparationum
1103 4011 1145 4058 etei
1165 4016 1229 4068 ιιιπι,
1248 4010 1321 4058 ueluti

162 4092 221 4141 that
231 4092 263 4141 hc
280 4108 331 4142 vae
346 4094 444 4143 trained
455 4094 480 4142 in
494 4094 587 4159 Egypt,
601 4094 649 4143 and
660 4096 718 4143 that
773 4085 889 4157 Vulqatue
900 4095 1023 4157 Imapree
1033 4094 1094 4144 bue.
1104 4094 1174 4141 xviii.
1186 4108 1224 4154 ¹4·
1242 4093 1320 4143 Jaui·

162 4175 195 4223 he
211 4175 303 4239 taught
321 4175 346 4221 in
363 4176 435 4225 Asia.
463 4172 542 4225 Οὗτοι
560 4178 584 4225 ἐν
597 4178 717 4237 Αἰγύπτῳ
760 4176 850 4238 stratu
871 4177 904 4225 ab
928 4176 979 4236 illo,
1003 4191 1049 4237 pro
1070 4175 1150 4238 magis
1172 4190 1248 4238 quarn
1269 4174 1318 4222 illc.

163 4260 280 4307 πλεῖστον
291 4260 417 4321 διατρίψας
430 4260 522 4322 χρόνον,
537 4262 575 4309 καὶ
590 4262 633 4309 τὰς
648 4263 715 4321 φιλο-
766 4258 871 4306 Gutus.
904 4256 1061 4317 'l'heraadcr5
1075 4256 1197 4315 however,
1212 4255 1264 4304 will
1276 4272 1319 4303 no·

163 4341 253 4401 σόφους
266 4342 399 4390 παιδευθεὶς
414 4342 556 4401 ἐπιστήμας,
572 4342 670 4403 ὕστερον
685 4344 717 4391 εἰς
766 4340 815 4388 tice
831 4340 888 4387 that
904 4340 974 4387 these
989 4338 1072 4387 words
1090 4337 1239 4401 correspond
1259 4337 1321 4385 with

163 4421 301 4480 rhu'Aelnr
313 4422 420 4483 ἀφίκετο,
435 4425 509 4471 κ.τ.λ.
528 4422 564 4474 Η.
578 4422 608 4472 Ρ.
621 4434 651 4472 11.
665 4437 687 4484 3.
765 4420 873 4484 nothing
891 4420 918 4469 in
934 4420 978 4468 the
996 4418 1086 4468 Greek.
1112 4418 1199 4467 Mass,
1218 4419 1264 4466 hae
1281 4417 1321 4465 ho-

212 4497 224 4529 ¹
245 4500 325 4549 Thaso
347 4500 428 4548 words
452 4516 495 4549 arc
517 4505 564 4549 not
591 4500 717 4549 indicated
766 4502 881 4562 minthon,
902 4503 949 4551 but
968 4502 1019 4552 Gn.
1043 4503 1108 4550 ircrn
1126 4502 1170 4550 tho
1187 4501 1239 4550 Au.
1261 4499 1319 4548 MS.

163 4580 189 4628 in
206 4580 250 4629 the
267 4586 323 4629 text
342 4581 371 4629 oi
388 4580 568 4641 Humerus,
589 4582 639 4630 and
656 4583 717 4647 they
768 4582 886 4633 οιοοίὸιιι.

1104 4671 1218 4735 14-2
