3225 5184
438 399 585 454 sslnsos
611 403 830 457 SPlRlTALES
856 406 1057 459 DICEBAN'I'.
1289 393 1339 465 55

185 562 317 659 τρόπον
344 560 470 656 χρυσός
497 563 530 631 ἕν
554 564 720 661 βορβόρῳ
749 567 943 643 κατατιθεὶς
974 569 1031 638 oris
1057 565 1253 656 ἀποβάλλει
1279 569 1340 654 την
1357 605 1410 645 cru
1418 606 1436 646 r.
1445 608 1459 646 ι.
1467 608 1498 647 11,

185 671 350 754 καλλονῆν
386 674 495 758 αὑτοῦ,
535 672 626 746 ἀλλὰ
657 676 718 759 την
754 676 839 748 ἰδίαν
875 680 976 777 φύσιν
1013 677 1248 780 διαφυλάττει,
1276 687 1340 754 τοῦ
1353 653 1505 740 difficili

1353 772 1502 782 *-

186 786 365 885 βορβόρου
389 784 488 869 μηδὲν
505 785 656 870 ἀδικῆσαι
678 787 851 873 δυναμένου
874 791 937 862 τόν
955 794 1092 890 χρυσόν·
1120 789 1207 864 οὕτω
1229 792 1265 864 δὲ
1283 798 1338 868 καὶ

188 897 303 974 αὐτοὺς
320 900 471 990 λέγουσι,
492 897 551 991 κᾷν
568 902 600 969 ε’ν
622 903 753 978 ὁποίαις
774 906 898 980 ὑλικαΐς
916 902 1060 1003 πρόξεσι
1079 906 1337 998 κοταγὲνιαντοι,

112 1063 118 1075 .
186 1009 284 1094 μηδὲν
302 1012 419 1087 αὐτοὺς
436 1010 761 1110 παραβλόππεσθαι,
780 1013 862 1096 μηδὲ
883 1015 1098 1105 ἀποβάλλειν
1117 1021 1179 1101 την
1199 1050 1338 1104 πνευμα-

189 1123 282 1206 τικῆν
301 1125 501 1195 ὑπόστασιν.

270 1257 325 1305 12.
378 1234 443 1307 Διὸ
468 1234 505 1319 δη
527 1237 580 1307 καὶ
603 1234 648 1308 τὰ
678 1237 877 1336 ἀπειρημένα
903 1237 1016 1312 πόντα
1038 1240 1135 1319 ιἰδεῶς
1158 1245 1194 1313 οἵ
1211 1246 1340 1317 τελειό-

187 1379 287 1420 ταται
307 1346 517 1447 πράττουσιν
537 1350 650 1434 οὔτῶν,
668 1350 745 1448 περὶ
765 1351 808 1422 civ
830 1355 868 1422 αἱ
888 1353 1023 1451 γραφαὶ
1054 1351 1338 1442 διαβεβαιοῦνται,

186 1461 262 1536 τοὺς
280 1467 456 1538 ποιοῦντας
476 1460 560 1534 αὐτὰ
577 1462 757 1549 βασιλείαν
782 1464 870 1533 θεοῦ
891 1465 936 1547 μὴ
956 1471 1223 1564 κληρονομήσειν.
1266 1467 1338 1539 Καὶ

188 1570 257 1671 γὰρ
301 1571 522 1644 ἐἰδωλόθυτα
567 1573 734 1674 διαφόρως
780 1571 1010 1682 [ἀδιαφόρως]
1054 1579 1213 1663 ἐσθίουσι,
1258 1579 1339 1664 μηδὲ

188 1679 325 1790 [μηδὲν]
362 1688 563 1770 μολύνεσθαι
601 1689 655 1756 ὑπ’
684 1687 790 1757 αὐτῶν
827 1690 1011 1781 ἡγούμενοι·
1045 1690 1099 1760 καὶ
1135 1691 1190 1761 ε’πὶ
1225 1695 1340 1764 πᾶσαν

187 1795 389 1896 ἑορτάσιμον
403 1804 468 1870 τῶν
486 1801 583 1870 ἐθνῶν
599 1800 746 1898 “τε’ρφιν
758 1803 801 1877 εἷς
813 1801 911 1883 τιμὴν
930 1805 995 1873 τῶν
1012 1799 1152 1872 εἷδιόλυν
1170 1806 1340 1895 γινομένην

107 1983 112 1993 ,
147 1979 153 1991 ,
187 1913 317 2010 πρῶτοι
355 1913 510 1992 συνίασιν,
548 1913 588 1988 οἷς
621 1909 703 1996 μηδὲ
741 1920 799 1994 τῆς
833 1910 926 2012 παρὰ
963 1914 1037 2002 θεῷ
1073 1915 1126 1984 καὶ
1154 1915 1340 2014 ἀνθρώποις

187 2025 402 2107 μεμισημένην
424 2034 482 2107 τῆς
505 2029 571 2096 τῶν
598 2021 809 2123 θηριομόχυν
830 2026 883 2095 καὶ
903 2026 1109 2122 μονομαχίας
1132 2025 1340 2127 ἀνδροφόνου

188 2211 358 2297 percipere,
377 2210 451 2276 licet
467 2211 499 2276 in
517 2211 754 2296 quibuscunque
771 2211 890 2276 suerint
908 2212 1011 2276 saetis.
1063 2212 1339 2288 Quemadmodum

187 2311 271 2374 enim
288 2333 401 2375 aurum
418 2311 450 2373 in
466 2333 556 2375 eoeno
572 2311 750 2394 depositum
770 2333 834 2374 non
856 2311 978 2376 amittit
1001 2313 1147 2376 decorem
1167 2335 1268 2387 suum,
1283 2315 1339 2379 sed

187 2433 276 2474 suum
293 2419 441 2474 naturum
460 2411 609 2484 custodit,
629 2432 700 2474 oum
726 2432 851 2473 coenum
876 2411 954 2474 nihil
977 2433 1090 2476 nocere
1116 2434 1195 2476 auro
1220 2413 1339 2498 possit:

188 2511 232 2573 sic
261 2520 294 2574 et
322 2511 506 2595 semetipsos
541 2509 660 2588 dicunt,
689 2509 765 2574 licet
792 2509 824 2572 in
860 2511 1095 2596 quibuscunque
1123 2511 1340 2576 materialibus

188 2609 335 2694 operibus
350 2608 423 2684 siut,
442 2609 519 2673 nihil
536 2608 721 2696 semetipsos
738 2608 855 2684 noceri,
873 2631 976 2694 neque
997 2611 1146 2674 amittere
1165 2610 1340 2694 spiritalem

187 2709 407 2774 substantiam.

265 2813 315 2877 12.
369 2809 574 2894 Quapropter
591 2819 625 2875 et
641 2807 825 2873 intimorate
841 2809 947 2873 omnia
962 2830 1032 2893 quae
1049 2816 1199 2873 vetantur
1222 2807 1267 2888 hi,
1286 2810 1341 2895 qui

188 2917 262 2974 sunt
288 2910 427 2994 ipsorum
453 2909 594 2994 perfecti,
622 2916 803 2995 operentur,
826 2911 865 2973 de
891 2909 1004 2994 quibus
1030 2909 1204 2994 Scriptura
1229 2910 1341 2974 confir-

189 3017 287 3080 ment,
307 3009 456 3094 quoniam
479 3009 534 3094 qui
547 3009 678 3092 faciunt
703 3029 748 3081 ec,
776 3009 918 3093 Reginum
936 3009 1001 3073 Dei
1025 3031 1085 3073 coc
1107 3010 1339 3074 haereditabant.
1353 3030 1465 3070 ouen.

190 3107 320 3173 Etenim
344 3109 523 3194 idolothyta
548 3107 765 3172 indifferenter
789 3108 1089 3184 manducant,nil1il
1114 3108 1272 3192 inquinari
1299 3111 1340 3175 ab

189 3207 226 3272 iis
244 3217 404 3292 putantes,
418 3216 451 3273 et
468 3208 501 3271 in
519 3229 644 3271 omnem
662 3207 744 3271 diem
757 3207 874 3271 festum
889 3205 1086 3272 ethnicorum
1104 3207 1342 3291 provoluntate

189 3305 222 3371 in
248 3308 367 3372 honore
394 3307 567 3372 'idolorum
601 3306 637 3394 [l.
664 3329 722 3393 pro
751 3307 914 3391 voluptate
941 3305 974 3368 in
1001 3306 1154 3369 honorem
1183 3303 1341 3392 Deorum]

189 3406 309 3472 facturn
329 3407 422 3493 primi
439 3407 649 3480 conveniunt;
673 3405 721 3470 uti
737 3405 771 3468 in
788 3405 887 3469 nihilo
905 3403 1032 3490 quidem
1049 3403 1241 3478 abstineant,
1257 3407 1342 3489 quod

189 3514 239 3572 est
254 3509 338 3593 apud
356 3507 461 3571 Deum
479 3515 512 3571 et
529 3507 613 3592 apud
636 3505 777 3570 homines
803 3505 947 3569 odiosum
972 3503 1110 3568 muneris
1127 3503 1344 3569 ⁴homicidiele

189 3705 215 3753 in
233 3705 275 3752 the
296 3703 354 3753 16th
371 3709 483 3768 century,
506 3719 535 3751 or
550 3703 589 3752 lor
611 3703 653 3751 the
671 3701 739 3750 Mor·
791 3701 885 3765 quoted
895 3701 929 3764 by
941 3700 1157 3748 Fuusnntumus.

189 3788 282 3837 monite
294 3787 319 3836 in
331 3788 373 3835 the
385 3787 535 3834 niusteenth.
840 3781 852 3813 ¹
872 3784 968 3844 Τέρψιν.
1013 3781 1066 3830 The
1088 3781 1165 3829 Latin
1187 3781 1343 3841 translation,

238 3868 249 3900 ¹
265 3869 317 3918 The
329 3885 372 3916 use
390 3867 418 3916 οἰ
431 3871 510 3916 meets
528 3867 618 3915 offered
636 3873 662 3916 to
680 3867 741 3915 idcls
789 3880 837 3927 pre
853 3865 978 3923 υοὶυαιαιι,
997 3861 1116 3910 indicates
1135 3863 1179 3911 the
1194 3863 1344 3927 preposition

188 3968 240 4001 was
258 3950 387 4000 forbidden
404 3951 429 3998 in
447 3950 490 3998 the
507 3949 562 3998 first
579 3949 664 4012 synod,
685 3949 743 3996 Acts
792 3949 839 4006 διὸ,
852 3947 921 3994 itself
935 3962 951 3993 a
967 3961 1027 4008 very
1045 3943 1151 4007 possible
1165 3943 1348 4007 corruptiones

190 4049 231 4082 xv.
245 4048 284 4093 αο,
306 4033 355 4082 xxi.
377 4045 423 4093 r5;
440 4032 486 4079 but
505 4030 547 4078 the
570 4029 663 4078 offense
685 4045 741 4078 con·
792 4029 840 4087 sal,
865 4026 947 4074 which
968 4024 1052 4073 would
1073 4025 1130 4086 gire
1152 4039 1168 4072 a
1189 4040 1251 4087 very
1280 4023 1346 4071 clear

190 4114 292 4174 tinued3
309 4129 337 4163 so
358 4113 379 4162 it
400 4127 470 4160 arose
492 4111 516 4160 in
536 4111 578 4159 the
598 4110 697 4159 Church
717 4109 746 4157 of
792 4125 870 4159 sense.
1105 4175 1108 4180 Α

190 4195 302 4254 Corinth,
325 4209 335 4242 1
358 4194 412 4244 Cor.
426 4195 477 4244 viii.
499 4207 535 4254 ιο,
557 4193 577 4241 it
594 4191 743 4256 reappesred
841 4189 995 4238 ’luuram
1012 4187 1057 4235 hes
1076 4188 1138 4235 been
1158 4185 1244 4252 placed
1261 4187 1287 4233 in
1303 4186 1347 4235 the

189 4277 215 4326 in
227 4278 270 4325 the
282 4276 382 4325 Ohurch
394 4277 422 4324 ol
437 4276 578 4339 Pergamos,
593 4275 648 4323 Rev.
662 4274 686 4321 ii.
704 4288 740 4334 14,
792 4277 848 4322 text
866 4271 950 4320 rather
966 4269 1108 4332 arbitrarily
1123 4269 1157 4331 by
1175 4268 1286 4327 Geren
1303 4268 1348 4315 the

189 4357 279 4407 andos
291 4358 418 4422 thyatira,
437 4371 484 4416 τος
501 4357 550 4406 and
565 4357 586 4404 is
600 4353 742 4404 mentioued
793 4353 949 4403 Arundelisn
971 4351 1021 4399 and
1043 4351 1116 4399 other
1143 4349 1220 4398 MSS.
1251 4349 1348 4397 exhihit

188 4441 251 4489 with
273 4440 431 4503 reprohation
453 4439 488 4502 hy
509 4438 689 4496 Tssrutmsu,
714 4435 744 4484 de
793 4451 892 4491 era-aru,⁸
908 4435 1023 4492 Deonem,
1038 4431 1169 4491 therefore,
1184 4431 1206 4479 is
1223 4432 1266 4478 the
1279 4445 1348 4479 mere

189 4522 264 4582 Idol,
276 4521 306 4570 de
316 4522 430 4584 spectac,
445 4519 559 4578 Omoss,
571 4531 631 4567 run
642 4535 661 4567 c.
672 4518 741 4578 ceu,
794 4517 911 4581 pmbsble
921 4515 1031 4578 reading.

190 4604 310 4652 Crsmsu
319 4603 348 4652 de
356 4602 450 4665 lapsis,
460 4602 513 4662 ho,
525 4602 605 4649 whose
617 4600 745 4648 wordssrs
844 4596 856 4628 ⁴
872 4598 966 4646 Gneus
978 4595 1101 4644 considers
1114 4595 1171 4642 that
1187 4593 1228 4642 lor
1243 4591 1349 4640 muneris
