3225 5184
12 932 16 971 l

12 1038 15 1077 l

12 1140 15 1181 l

12 1244 15 1273 l

12 1348 14 1387 Ι

424 412 475 464 DE
501 413 730 468 sunnonem
757 414 1017 479 QUAESTIONES.
1214 400 1283 467 303

591 680 691 747 uAP.
716 682 821 752 XIX.

181 834 335 927 Qnoestio
353 834 398 911 dc
415 833 517 911 omni
531 836 649 935 specie
666 836 876 933 emissionis,
896 851 929 914 ct
945 838 991 914 dc
1007 835 1232 914 Pleromatis

550 954 852 1053 inconsequentia.

190 1119 221 1182 1.
265 1117 509 1182 annnnnuun
524 1124 629 1183 sutem
643 1140 700 1183 nos
714 1119 755 1184 sd
770 1120 952 1205 praedictem
966 1118 1166 1184 emissionum
1181 1142 1281 1205 quess-

126 1219 251 1285 tionem,
299 1219 344 1284 Et
358 1220 457 1305 primo
479 1220 603 1306 quidem
625 1220 730 1285 dicent
749 1222 840 1287 nobis
854 1240 980 1287 causam
995 1221 1172 1307 hujusmodi
1187 1222 1281 1287 emis-

125 1319 222 1386 sionis
251 1320 405 1399 AEonum,
433 1328 468 1387 ut
497 1320 572 1384 nihil
601 1330 734 1408 tangant
757 1344 865 1388 eorum
893 1345 963 1408 quae
986 1331 1061 1387 sunt
1082 1322 1279 1388 conditionis.

128 1420 201 1486 Non
215 1422 298 1486 enim
312 1420 364 1485 ille
378 1430 504 1508 propter
518 1422 727 1488 conditionem
747 1424 855 1491 dicunt
876 1424 970 1505 secte,
992 1425 1049 1490 sed
1072 1425 1281 1490 conditionem

126 1531 252 1612 propter
274 1523 343 1589 ille:
368 1532 399 1589 et
422 1546 485 1589 non
508 1524 561 1590 illa
581 1525 692 1591 horum
714 1525 876 1615 imagines,
898 1528 955 1593 sed
975 1527 1044 1591 hsec
1067 1526 1188 1591 illorum
1211 1549 1281 1592 esse

127 1628 244 1693 dicunt.
291 1628 559 1711 Quemadmodum
580 1628 676 1716 igitur
697 1629 868 1717 imaginum
886 1651 1013 1694 causam
1027 1629 1162 1695 reddunt
1176 1630 1281 1696 dicen-

127 1740 185 1812 tes,
198 1754 337 1798 mensem
357 1733 481 1820 quidem
496 1732 625 1820 triginta
646 1733 761 1799 hebere
779 1733 846 1799 dies
860 1742 986 1819 propter
998 1732 1129 1821 triginta
1143 1734 1280 1813 AEones,

126 1845 159 1902 et
180 1836 261 1902 diem
287 1837 448 1903 duodecim
475 1837 578 1916 hores,
605 1846 639 1903 et
662 1860 779 1902 sunum
804 1838 968 1903 duodecim
996 1859 1129 1917 menses,
1155 1846 1282 1925 propter

126 1940 288 2005 duodecim
308 1942 435 2006 AEonas
458 1962 528 2026 quae
547 1948 621 2005 sunt
644 1940 726 2005 intre
748 1941 904 2020 Pleroma,
929 1950 962 2007 et
985 1962 1176 2028 quaecunque
1200 1941 1282 2007 ¹elie

126 2044 277 2121 delirant;
301 2067 384 2109 nunc
408 2043 513 2109 dicent
538 2045 629 2109 nobis
655 2066 782 2110 censam
807 2044 901 2109 istem
927 2045 1071 2109 AEonum
1096 2044 1280 2124 emissionis,

125 2152 198 2238 quid
214 2152 286 2238 quie
300 2152 385 2215 lecte
399 2158 447 2215 est
462 2149 553 2215 telis:
577 2159 704 2237 propter
716 2150 791 2236 quid
805 2159 912 2215 sutem
926 2150 1027 2238 prims
1041 2159 1073 2216 et
1087 2152 1281 2238 erchegonos

124 2254 263 2319 omnium
278 2254 436 2318 octonetio
451 2252 566 2318 emissa
586 2262 647 2328 est,
670 2262 702 2317 et
716 2275 779 2318 non
799 2254 915 2340 quinio,
930 2253 978 2319 vel
993 2254 1126 2330 trinitas,
1141 2263 1196 2318 sut
1210 2276 1281 2339 sep

124 2355 253 2434 tenetio,
269 2364 324 2420 eut
338 2355 454 2442 aliquid
469 2377 586 2433 eorum,
601 2377 672 2441 quae
687 2356 719 2419 in
732 2355 865 2420 alterurn
879 2378 1042 2421 numerum
1057 2358 1281 2422 confiniunturt

126 2458 172 2522 Et
189 2458 264 2543 quid
278 2458 350 2543 quis
364 2479 404 2522 ex
420 2458 508 2543 Lego
523 2464 556 2521 et
576 2460 643 2523 Zoe
661 2458 769 2523 decem
790 2458 895 2522 emissi
918 2466 992 2523 sunt
1009 2460 1145 2537 AEones,
1167 2466 1200 2523 et
1217 2481 1280 2525 non

125 2560 229 2646 plures
250 2567 306 2623 eut
327 2559 448 2623 minus:
473 2566 505 2623 et
526 2582 632 2624 rursm
654 2582 695 2625 ex
709 2561 878 2646 Anthropo
897 2569 930 2625 et
951 2561 1093 2626 Ecclesia
1107 2561 1279 2640 duodecim,

124 2686 196 2728 cnm
207 2670 335 2748 possent
349 2670 381 2727 et
395 2662 473 2740 haec,
488 2668 544 2726 sut
558 2663 627 2747 plus
641 2671 697 2727 eut
711 2663 814 2727 minus
828 2662 917 2727 fierit
953 2662 1142 2728 Universum
1158 2685 1280 2750 quoque

125 2765 279 2844 Pleroma,
296 2764 370 2851 quid
384 2764 491 2851 utique
503 2764 693 2851 tripartitum
707 2774 755 2830 est
770 2766 802 2828 in
818 2766 1057 2845 octomtionem,
1072 2775 1106 2831 ct
1120 2767 1279 2846 decadem,

122 2878 155 2935 et
177 2869 406 2934 duodecadem:
430 2876 463 2933 et
483 2890 547 2933 non
568 2868 702 2933 alterum
722 2870 877 2955 quendem
891 2878 1005 2956 praeter
1024 2870 1082 2936 hoe
1096 2872 1280 2935 numerum!

124 2972 170 3038 Et
191 2970 300 3037 divisio
322 2979 428 3036 autem
452 2970 520 3057 ipsa
543 2972 617 3058 quid
643 2972 751 3059 utique
776 2972 907 3052 intres,
935 2980 968 3038 et
993 2996 1057 3038 non
1077 2974 1109 3037 in
1134 2982 1277 3061 quatuor,

123 3075 171 3140 vel
189 3074 333 3161 quinque,
358 3074 406 3139 vel
427 3095 494 3151 sex,
519 3072 567 3139 vel
593 3072 625 3137 in
645 3073 778 3139 alterum
804 3075 958 3160 quendem
983 3076 1067 3140 lecte
1090 3083 1140 3140 est
1170 3096 1280 3140 nume-

123 3200 192 3241 rum
214 3177 498 3264 nihi1²tangentes
524 3199 631 3243 eornm
656 3199 864 3257 numerorum,
891 3178 945 3265 qui
973 3187 1048 3243 sunt
1070 3177 1279 3242 conditionis!

123 3280 298 3365 antiquiore
320 3280 404 3345 enim
426 3279 497 3345 'ille
516 3279 565 3345 his
587 3280 705 3359 dicunt,
726 3288 760 3345 et
783 3288 906 3368 oportet
926 3302 964 3345 ee
986 3280 1144 3367 propriam
1164 3280 1279 3346 hebere

171 3468 181 3499 ¹
199 3467 306 3517 Ifollow
317 3468 360 3517 the
370 3467 474 3531 reading
484 3466 563 3516 nithe
574 3467 674 3518 eursu.
725 3470 769 3518 the
780 3470 877 3530 former,
890 3486 918 3518 es
935 3470 1011 3533 being
1020 3470 1175 3530 antecedent,
1190 3470 1279 3519 should

122 3550 216 3599 audite
227 3550 332 3599 satellite
343 3550 387 3599 the
397 3548 480 3598 Voss.
492 3548 550 3598 MS.
581 3549 675 3598 Gneus
725 3551 756 3599 be
775 3551 942 3616 independent
964 3553 992 3600 oi
1011 3551 1055 3600 the
1076 3552 1152 3600 letter
1172 3552 1198 3600 in
1214 3552 1280 3601 their

121 3632 210 3696 sdopts
222 3633 264 3681 the
280 3632 387 3679 Annum
400 3630 503 3694 reading
517 3630 587 3680 telio.
622 3630 676 3680 But
724 3631 860 3680 numericel
880 3632 1052 3695 peculiarities.
1086 3632 1140 3680 'l'he
1155 3632 1237 3681 AEons
1253 3634 1283 3682 oi

121 3714 168 3761 ὅσα
180 3714 245 3761 ἄλλα
257 3711 349 3761 sonnds
359 3716 425 3761 most
435 3711 484 3761 like
495 3711 538 3760 the
550 3710 640 3763 Greek.
724 3712 768 3760 the
784 3712 900 3761 Pleroma
910 3728 952 3760 ere
967 3712 1099 3777 expressed
1114 3714 1149 3778 by
1164 3730 1181 3762 e
1190 3721 1279 3764 neuter

170 3792 182 3824 ²
196 3800 322 3856 nitente,
335 3794 454 3856 referring
465 3798 491 3841 ιο
503 3792 546 3841 the
557 3793 674 3842 numbers
724 3792 837 3857 pluralin
845 3795 888 3843 the
894 3794 1031 3859 beginning
1038 3795 1067 3843 of
1069 3795 1120 3845 this
1128 3798 1277 3861 pemgrsph.

120 3875 262 3939 previously
273 3874 374 3938 implied
385 3874 409 3922 in
422 3874 465 3922 the
476 3878 599 3933 sentence,
613 3890 635 3933 4,
648 3884 673 3933 5,
724 3874 777 3924 The
787 3875 902 3925 bmckets
912 3876 1058 3925 intr-oduced
1068 3877 1102 3941 by
1113 3878 1216 3939 Gneus,
1229 3879 1279 3927 end

120 3954 144 4017 6,
158 3972 204 4005 cen
222 3972 278 4006 eum
295 3971 329 4005 no
342 3955 447 4005 number
457 3956 514 4004 thet
530 3955 674 4019 symbolises
724 3953 833 4018 edopted
858 3955 894 4018 by
920 3954 1050 4003 Messon
1076 3954 1127 4003 end
1154 3954 1278 4016 Suum

119 4055 170 4103 any
181 4038 302 4103 principnl
312 4038 381 4086 work
398 4054 426 4087 or
438 4043 496 4101 pert
512 4038 542 4085 ol
555 4037 672 4098 crestion,
724 4036 805 4084 which
817 4035 903 4084 σοι-ναι
913 4040 942 4083 ιο
952 4051 1025 4099 carry
1035 4050 1068 4083 on
1079 4036 1123 4083 the
1133 4052 1204 4085 sense
1214 4036 1279 4095 from

119 4136 147 4169 es
169 4137 244 4169 seven
265 4121 305 4169 for
326 4121 439 4168 instance
456 4134 524 4168 sums
546 4119 590 4168 the
612 4119 674 4183 days
724 4118 871 4167 conditionis
881 4123 907 4166 ιο
918 4118 1089 4178 cenenum,
1103 4134 1145 4167 nro
1155 4118 1280 4168 concelled

119 4202 149 4250 oi
163 4202 206 4250 the
222 4202 292 4250 neele
311 4200 361 4249 end
379 4201 423 4249 the
439 4200 545 4264 plsnets,
566 4200 609 4249 dec.
628 4200 672 4249 hc.
724 4215 752 4247 ss
763 4213 841 4247 worse
852 4200 914 4247 then
925 4198 1016 4247 useless
1022 4215 1029 4258 ;
1041 4198 1185 4247 oneendsll
1193 4200 1279 4263 ignom

119 4283 241 4347 Compare
258 4282 301 4331 the
320 4282 428 4346 opening
450 4282 478 4329 oi
498 4282 548 4329 this
570 4281 671 4341 section,
724 4281 767 4330 the
777 4280 900 4345 difficulty
910 4280 1040 4329 contained
1051 4280 1077 4329 in
1087 4280 1131 4329 the
1141 4283 1279 4331 connexion

117 4364 183 4412 nihil
205 4371 308 4427 ungunt
331 4378 412 4413 eorum
434 4378 487 4426 ouoe
511 4368 568 4412 mist
590 4362 673 4412 condi·
724 4363 753 4410 of
766 4362 810 4411 the
827 4361 877 4410 lest
894 4362 964 4410 three
980 4362 1063 4409 words
1081 4361 1143 4410 with
1160 4362 1204 4410 the
1220 4377 1278 4411 con·

118 4444 197 4493 donin
723 4448 786 4503 text,
799 4443 847 4492 bnt
857 4443 900 4492 the
910 4458 980 4492 mnes
990 4442 1041 4491 will
1053 4442 1110 4491 best
1122 4443 1153 4491 be
1165 4442 1279 4492 sttnined

166 4526 178 4559 ⁸
205 4526 266 4588 lile,
289 4526 410 4589 referi-ing
428 4530 456 4575 to
478 4525 522 4575 the
544 4524 626 4574 AEons
647 4526 676 4575 ol
723 4526 833 4588 through
844 4525 887 4573 the
898 4524 989 4584 Greek,
1003 4526 1069 4573 οὐδὲν
1085 4525 1278 4584 καθαπτομένων

117 4610 161 4659 the
181 4610 303 4673 Pleroma,
319 4608 359 4658 ue
373 4613 400 4659 to
414 4608 500 4673 things
515 4613 604 4671 meets,
623 4607 673 4657 end
723 4608 771 4657 τῶν
781 4608 825 4667 τῆς
836 4607 935 4657 sulcem
946 4607 1058 4669 ἀριθμῶν,
1071 4603 1219 4670 ἀρχαιότερα
1229 4608 1278 4669 γὰρ

1322 584 1375 641 mn
1384 586 1414 671 pn

1304 642 1388 717 millii.
1397 658 1434 717 'xm

1311 724 1427 809 llffidt

1294 844 1443 855 ——--—
