3225 5184
321 403 370 474 82
757 415 1034 472 manoarrours

163 597 303 685 2⁰1}pr
323 581 498 671 κατέλεγε,
538 579 592 649 καὶ
630 578 690 659 πῆν
723 581 788 648 ποῦ
820 575 1021 675 Ἀνθράπου
1053 571 1093 644 άν
1125 573 1291 658 μεμηνόκει
1321 571 1476 677 σύζυγον,

155 691 309 732 usmarus.
324 691 378 764 m}
400 693 455 764 οὐκ
475 687 516 762 ἃς
532 689 659 790 ἀφῆκεν
678 689 712 759 r'x
730 687 887 773 μαντείαν
902 690 985 772 ἡμᾶς
1001 687 1185 774 λαμβάνειν
1200 686 1348 770 τοῦνομα
1368 688 1475 770 oriris·

324 802 459 903 Φαυερᾶ
480 800 534 874 οῦν
550 805 568 885 ἡ
586 805 645 884 τῆς
663 798 846 894 ἐξηγήσεως
863 799 1120 898 ’παραποῖησις
1148 799 1225 869 Τοῦ
1243 797 1312 897 γὰρ
1327 797 1476 870 Ἰωάννου

324 919 381 988 ἕνα
403 916 490 987 θεόν
513 911 785 1012 παντοκράτορα,
813 911 867 982 καὶ
894 913 950 981 ἕνα
974 917 1141 1002 μονογενῆ
1164 910 1324 1009 Χριστόν
1348 911 1476 993 Ἰησοῦν

323 1030 555 1129 κηρύσσοντος,
584 1024 622 1096 δι’
654 1024 691 1095 οῦ
718 1023 763 1097 τὰ
793 1021 907 1095 πάντα
933 1023 1103 1115 γεγονέναι
1129 1024 1232 1113 λέγει,
1258 1027 1382 1095 τοῦτον
1407 1025 1556 1093 uiduata

325 1137 367 1248 [l.
389 1133 531 1242 Λόγον]
552 1138 646 1222 Θεοῦ,
664 1142 788 1209 τοῦτον
813 1135 1001 1226 Μονογενῆ,
1020 1140 1145 1208 τοῦτον
1170 1131 1303 1207 πάντων
1326 1135 1474 1218 ποιητὴν,

323 1257 448 1325 τοῦτον
478 1255 548 1350 φῦς
584 1250 738 1333 ἀληθινόν
769 1246 966 1348 φωτίζοντα
995 1248 1107 1318 πάντα
1136 1243 1317 1346 άνθρωπον,
1352 1249 1476 1318 τοῦτον

323 1365 452 1448 κόσμου
488 1363 635 1445 ποιητὴν,
674 1365 797 1432 τοῦτον
838 1362 881 1435 εἷς
912 1358 959 1430 τὰ
1001 1357 1068 1429 ἰ’θια
1109 1360 1308 1442 ἐληλυθότα,
1350 1364 1474 1430 τοῦτον

323 1473 425 1548 αὑτὸν
460 1473 570 1574 σάρκα
612 1474 793 1564 γεγονότα,
837 1472 891 1542 καὶ
929 1469 1134 1552 ε’σκηνωκότα
1178 1471 1211 1540 ἐν
1250 1474 1337 1554 ἡμῖν·
1379 1473 1472 1543 οῦτοι

323 1588 598 1686 παρατρέποντες
626 1581 713 1656 κατὰ
743 1582 787 1657 τῦ
826 1581 966 1655 πιθανὸν
992 1583 1053 1665 τὴν
1080 1579 1245 1676 ε’ξῆγησιν,
1280 1580 1387 1653 ἄλλον
1415 1580 1475 1666 μὲν

322 1698 384 1772 τὸν
409 1698 588 1790 Μονογενῆ
614 1698 767 1768 θέλουσιν
789 1693 868 1765 εἶναι
894 1692 981 1766 κατὰ
1003 1694 1064 1777 τὴν
1087 1694 1273 1794 προβολὴν,
1297 1694 1335 1765 ὃν
1358 1689 1395 1776 δὴ
1420 1694 1474 1765 καὶ

321 1809 448 1910 ’ἆρχῆν
473 1815 642 1894 καλοῦσιν,
672 1806 781 1880 ἄλλον
806 1805 842 1878 di
869 1805 932 1880 τόν
955 1807 1098 1905 Σωτῆρα
1126 1806 1297 1898 γεγονέναι
1329 1806 1473 1891 θέλουσι,

320 1923 375 1994 καὶ
398 1921 506 1994 ἄλλον
527 1920 588 1994 τὸν
607 1919 730 2011 Λόγον
749 1918 836 1990 3υἱὸν
858 1924 920 1990 τοῦ
947 1919 1168 2009 Μονογενοῦς,
1197 1917 1252 1988 καὶ
1281 1917 1389 1989 ἄλλον
1413 1915 1475 1990 τὸν

321 2033 481 2132 Χριστὸν
510 2037 553 2112 εἰς
584 2033 812 2131 ἐπανόρθωσιν
836 2035 899 2102 τοῦ
927 2031 1152 2129 πληρώματος
1183 2030 1473 2128 προβεβλημένον·
1485 2057 1511 2097 o.
1520 2059 1552 2098 ω.

321 2144 375 2216 καὶ
405 2144 442 2215 ἓν
472 2146 617 2215 ἕκαστον
649 2148 715 2214 τῶν
744 2143 914 2241 εἰρημένων
945 2141 1084 2240 ἄραντες
1116 2138 1186 2212 άπθ
1219 2149 1277 2225 τῆς
1310 2141 1471 2225 άληθείας,

320 2252 613 2355 καταχρησάμενοι
632 2265 704 2331 τοῖς
729 2255 898 2338 ὀνόμασιν,
926 2256 968 2329 εἰς
991 2253 1052 2336 την
1080 2252 1165 2324 idios
1192 2253 1348 2325 ὑπόθεσιν
1374 2257 1474 2337 μετό-

319 2431 378 2493 aut
401 2425 430 2491 si
450 2424 643 2511 reliquorum
668 2423 907 2511 conjugationes
931 2426 1149 2503 enumerabat,
1167 2433 1202 2491 et
1227 2423 1400 2512 Anthropi,
1427 2423 1474 2508 (id

319 2532 379 2604 est,
409 2523 570 2609 Hominis)
596 2523 707 2610 ntique
732 2523 967 2589 manifestasset
996 2524 1175 2610 conjugem,
1206 2531 1241 2590 et
1269 2523 1381 2611 utique
1409 2545 1473 2589 non

319 2623 491 2691 remisisset
509 2623 550 2688 de
569 2619 763 2688 divinatione
779 2644 838 2687 nos
851 2622 995 2709 aoeipere
1009 2643 1124 2688 nomen
1140 2621 1247 2709 ipsius.
1299 2623 1475 2688 Manifesta

318 2723 419 2811 igitur
451 2721 658 2809 expositionis
691 2743 801 2786 eorum
834 2719 1023 2786 transfiotio.
1086 2721 1237 2787 «Iohanne
1266 2721 1350 2787 enim
1375 2744 1473 2787 unum

320 2820 427 2887 Deum
459 2828 639 2908 exponente
673 2819 710 2908 [ἱ.
739 2819 1028 2909 Omnipotentem]‚
1063 2828 1098 2885 et
1128 2842 1227 2885 unum
1260 2819 1474 2907 Unigenitum

320 2919 482 2986 Christum
500 2920 524 2984 J
526 2941 614 2984 esum
633 2917 857 2995 annunciante,
875 2941 1043 3005 perquem
1065 2919 1171 2984 omnia
1187 2918 1273 2984 faeta
1288 2940 1355 2983 esse
1380 2917 1471 2993 dicit.

318 3017 403 3085 huno
416 3017 562 3084 Verbum
573 3015 644 3096 Dei,
655 3019 739 3083 hune
750 3017 958 3104 unigenitum,
969 3019 1054 3084 huno
1064 3018 1217 3084 faetorem
1230 3014 1472 3095 omnium‚huno

317 3117 424 3183 lumen
441 3139 551 3184 verum
573 3115 753 3183 illuminans
776 3138 902 3182 omnem
920 3117 1088 3194 hominem,
1106 3116 1190 3182 huno
1206 3116 1317 3181 mundi
1337 3115 1472 3181 fabrioa-

317 3227 431 3296 torem,
457 3215 542 3281 hune
567 3215 600 3281 in
624 3238 682 3283 sua
704 3214 837 3295 venisse,
863 3214 948 3281 huno
972 3217 1107 3281 eundem
1132 3239 1259 3282 earnem
1280 3214 1411 3289 fantum,
1437 3223 1472 3281 et

317 3315 513 3382 inhabitasse
541 3315 574 3380 in
599 3315 710 3382 nobis:
739 3313 773 3379 hi
796 3321 1048 3381 transvertentes
1074 3316 1247 3381 seeundum
1272 3313 1472 3381 verisimilem

318 3409 518 3502 [verisimile]
545 3415 783 3500 expositionem,
807 3413 944 3479 aiterum
970 3413 1097 3499 quidem
1125 3415 1338 3501 Monogenem
1360 3411 1471 3479 volunt

226 3558 246 3588 ,·
317 3533 386 3577 esse
402 3512 575 3578 seeundum
591 3513 799 3591 emissionem,
817 3535 910 3597 quem
925 3513 1044 3578 scilieet
1066 3522 1100 3579 et
1125 3513 1321 3599 Principium
1334 3512 1468 3578 vocant:

317 3609 455 3675 alterum
480 3617 588 3676 autem
607 3611 763 3688 Soterem,
783 3611 832 3690 (id
853 3620 912 3687 est,
931 3611 1144 3696 salvatorem)
1170 3611 1266 3677 fuisse
1289 3611 1410 3692 volunt,
1435 3619 1470 3677 et

317 3706 455 3772 alterum
483 3707 606 3793 Logon,
635 3709 683 3791 (id
709 3717 768 3783 est,
795 3708 957 3795 Verbum)
983 3710 1082 3774 filium
1114 3708 1314 3798 Menogenis,
1340 3710 1468 3792 (idest,

318 3802 501 3893 Unigeniti)
524 3815 558 3872 et
584 3807 720 3872 alterum
742 3807 907 3873 Christum
929 3810 972 3874 ad
996 3808 1250 3875 emendationem
1276 3809 1469 3875 Pleromatis

317 3903 485 3970 emissum:
514 3914 549 3972 et
565 3907 812 3992 unumquodque
832 3930 943 3972 eorum
964 3931 1035 3993 quae
1053 3908 1141 3974 dieta
1155 3917 1232 3974 sunt
1248 3909 1429 3974 auferentes
1449 3931 1471 3974 a

316 4003 463 4085 veritate,
495 4011 530 4073 et
556 4008 726 4072 abutentes
757 4005 946 4086 nominibus,
976 4006 1011 4070 in
1042 4028 1133 4072 suam
1160 4008 1470 4096 argumentationem

366 4181 868 4246 ¹rapoaeotums,theprepositienhsving
965 4183 1148 4248 ⁸Monogsnss
1161 4201 1213 4234 was
1223 4185 1302 4234 ealled
1312 4187 1356 4234 the
1374 4185 1426 4235 Son
1443 4187 1474 4234 οἱ

316 4261 350 4311 its
360 4263 470 4326 peonhar
480 4263 554 4323 fores,
569 4277 677 4326 eonveys
688 4263 731 4311 the
741 4263 830 4310 netion
841 4264 870 4312 of
917 4265 1025 4329 Bythos,
1045 4266 1093 4316 but
1109 4283 1147 4316 we
1160 4267 1193 4316 do
1209 4272 1256 4316 not
1269 4267 1322 4316 smd
1339 4267 1471 4316 dumhere

316 4343 465 4405 perusina,
478 4359 500 4393 e.
508 4359 533 4406 g.
545 4341 604 4390 eoin
614 4342 706 4403 stubs.
744 4343 868 4406 Compare
915 4347 973 4394 that
993 4346 1037 4395 the
1065 4347 1144 4396 Word
1166 4363 1218 4396 m
1240 4347 1341 4397 derived
1362 4348 1397 4412 by
1413 4347 1470 4395 Va·

315 4421 616 4482 theiutwordaofflee,
629 4439 654 4486 p.
667 4423 707 4487 89.
917 4437 1047 4475 narrans
1073 4428 1137 4477 from
1165 4428 1320 4493 Monogenes
1346 4429 1381 4492 by
1407 4427 1469 4476 filis·

359 4501 479 4568 ¹Bythns
490 4519 541 4554 was
552 4503 732 4566 thespeapm
744 4503 866 4564 notetus
915 4507 982 4565 tion;
1001 4508 1022 4556 it
1040 4509 1062 4556 is
1084 4510 1190 4574 perhaps
1211 4511 1257 4559 the
1277 4511 1391 4560 autbor's
1412 4525 1469 4558 own

316 4583 389 4632 εσθαι
397 4583 672 4666 ofothpsmaredled
681 4585 752 4646 ἀρχή.
767 4583 833 4645 sess
843 4599 864 4635 1.
915 4587 1044 4638 interanea.
