3225 5184
375 405 442 469 312
758 422 888 485 naeus
913 422 1051 476 causer
1075 424 1142 477 aar

238 588 331 677 {¹352}
374 582 468 647 abeo
483 582 666 661 factasunt,
681 582 793 662 iacere,
809 584 1022 651 inincusabilis
1040 592 1117 663 erat,
1134 584 1204 670 ¹qui
1221 606 1284 649 non
1306 589 1431 669 poterat
1442 582 1514 668 igoo

212 682 361 769 θῧξξεξῖἶξ·
376 683 510 747 rentiam
525 684 645 749 auferre
659 706 766 749 eorum
781 685 834 770 qui
848 695 920 771 post
940 708 975 753 se
993 694 1076 751 sunt.
1122 686 1157 750 Si
1175 694 1281 751 autem
1302 694 1415 770 postea
1426 682 1554 746 roienses

215 776 362 865 Q
376 803 446 847 eam
467 804 537 867 quae
552 783 723 848 secundum
737 785 986 871 progressionem
1004 786 1205 850 emissionum
1220 793 1315 850 aucta
1328 784 1431 848 iuerat
1443 779 1516 865 igno

374 885 520 964 rantiam,
543 894 577 950 et
599 885 819 951 inseminatam
847 888 1013 964 AEonibus‚
1034 890 1156 953 auferre
1173 888 1285 973 potuit,
1308 887 1411 951 multo
1431 880 1516 966 magit

374 988 461 1075 prius
477 1010 548 1053 eam
567 1011 638 1073 quae
658 990 797 1055 nondum
819 1000 897 1070 erat,
912 990 1121 1077 ignorantiam
1135 990 1242 1057 volens
1255 1012 1318 1056 non
1340 987 1515 1075 permitteret

374 1091 452 1156 fieri.

441 1200 469 1259 5.
516 1196 673 1278 Quoniam
696 1196 792 1283 igitur
816 1196 940 1281 quando
962 1195 1061 1261 voluit
1081 1195 1209 1284 agnitus
1233 1203 1292 1274 est,
1319 1216 1386 1259 non
1407 1200 1514 1257 tantum

375 1298 546 1376 AEonibus,
561 1300 617 1365 sed
631 1307 664 1365 et
677 1299 727 1364 his
742 1298 838 1384 quiin
851 1298 1027 1364 novissimis
1037 1299 1228 1386 temporibus
1237 1289 1512 1365 erantbominibust

374 1428 437 1472 nou
458 1407 564 1473 volens
585 1416 692 1471 autem
712 1408 754 1471 ab
776 1405 866 1472 initio
887 1406 1027 1493 agnosci,
1047 1405 1209 1491 ignoratus
1233 1412 1297 1470 est:
1326 1424 1423 1469 carisa
1443 1401 1514 1485 igno

373 1508 486 1574 rantiae
508 1510 679 1575 secundum
704 1530 760 1574 voe
782 1516 832 1573 est
854 1506 998 1573 voluntas
1023 1506 1138 1572 Patris.
1184 1507 1219 1572 Si
1240 1506 1325 1572 enim
1348 1502 1513 1592 praesciebat

374 1612 443 1678 haeo
457 1612 503 1677 sio
517 1611 630 1689 sutura,
646 1633 741 1697 quare
762 1610 880 1695 utique,
896 1610 1076 1695 priusquam
1097 1610 1197 1687 Iieret,
1213 1631 1275 1673 non
1294 1606 1430 1673 abscidit
1442 1605 1513 1691 igno

374 1714 509 1780 rentiam
530 1714 678 1800 ipsomm‚
703 1735 797 1799 quam
825 1722 945 1799 postea,
969 1712 1054 1778 velut
1077 1734 1119 1776 ex
1143 1710 1340 1796 poenitentia,
1367 1716 1453 1775 curat
1470 1725 1513 1790 pet

374 1816 571 1882 emissionem
583 1817 720 1883 christia
743 1817 845 1899 Quam
853 1816 936 1881 enim
945 1837 1001 1901 per
1012 1814 1173 1881 Christum
1182 1814 1379 1902 agnitionem
1390 1809 1513 1877 omnibta

374 1918 458 1999 fecit,
480 1920 578 1987 multo
600 1929 674 1985 ante
695 1927 819 2007 poterat
839 1921 941 1986 iacere
958 1941 1014 2004 per
1030 1918 1151 2005 Logon,
1171 1918 1223 2005 qui
1244 1928 1278 1983 et
1291 1912 1512 2005 ’primogenitus

369 2032 442 2109 erat
462 2024 671 2109 Menogenis.
709 2023 770 2089 Vel
785 2024 813 2088 si
828 2024 995 2108 praesciens
1014 2024 1112 2088 voluit
1125 2024 1193 2088 fieri
1213 2023 1292 2101 baeo,
1315 2042 1441 2108 semper
1459 2036 1512 2110 per·

373 2134 517 2189 severant
531 2126 715 2212 ignorantiae
730 2148 833 2212 opera,
849 2135 882 2191 et
896 2150 1054 2211 nunquam
1069 2135 1268 2213 praetereunt.
1297 2127 1380 2210 Quae
1394 2123 1468 2190 enim
1479 2140 1508 2181 ex

373 2226 533 2293 voluntate
558 2228 739 2314 Propatoris
760 2230 854 2294 vestri
876 2230 962 2295 iacta
984 2240 1069 2309 sunt,
1090 2251 1287 2317 perseverare
1309 2236 1433 2325 oportet
1454 2240 1508 2288 cum

373 2330 532 2395 voluntate
546 2331 614 2416 ejus
629 2330 681 2415 qui
696 2331 811 2396 voluit:
827 2332 875 2397 vel
885 2334 912 2397 si
927 2343 1116 2421 praetereunt
1129 2334 1209 2413 haec,
1224 2356 1296 2399 cum
1310 2334 1363 2399 his
1373 2324 1506 2419 praeteriet

374 2443 406 2499 et
420 2434 564 2500 voluntas
583 2434 660 2519 ejus,
676 2434 729 2519 qui
748 2437 958 2501 substantiam
975 2460 1013 2503 ea
1029 2437 1145 2503 habere
1157 2437 1264 2503 voluit.
1300 2437 1387 2519 Quid
1400 2432 1473 2499 enim
1483 2433 1506 2489 tt

373 2537 529 2603 discentes
547 2538 763 2624 requieverunt
782 2540 918 2618 AEones,
934 2548 968 2605 et
985 2541 1155 2625 perfectam
1171 2540 1367 2626 agnitionem
1386 2550 1505 2625 peroepe

372 2650 455 2720 runt,
471 2641 634 2726 8quoniam
645 2642 826 2728 incapabilis
840 2651 890 2707 est
903 2651 937 2708 et
950 2643 1270 2730 incomprehensibilis
1284 2644 1405 2709 Pater!
1433 2636 1504 2701 Hunc

372 2756 478 2811 autem
506 2745 699 2833 agnitionem
724 2746 840 2811 habere
868 2753 1037 2832 potuerunt
1065 2747 1245 2833 priusquam
1273 2746 1305 2809 in
1334 2737 1504 2831 passionibus

372 2850 501 2914 fierent:
532 2870 595 2912 non
624 2848 708 2912 enim
737 2848 990 2913 deminorabatur
1018 2847 1202 2935 magnitudo
1232 2847 1340 2913 Patris
1368 2846 1408 2911 ab
1436 2833 1504 2904 ἰῠὶῧθ

372 2950 543 3017 scientibus
567 2951 617 3015 his
642 2951 715 3035 quia
742 2951 925 3037 incapabIIIs
947 2959 980 3017 et
1002 2950 1321 3037 incomprehensibilis
1346 2958 1397 3017 est
1420 2946 1502 3010 Pater·

373 3052 408 3120 Si
422 3053 506 3118 enim
521 3062 647 3139 propter
661 3054 845 3120 immensam
859 3054 1106 3142 magnitudinem
1125 3054 1338 3141 ignorabatur,
1353 3062 1387 3121 et
1403 3052 1505 3138 propter

371 3156 556 3222 immensam
577 3156 774 3223 dilectionem
789 3156 997 3241 impassibiles
1010 3157 1144 3222 debebat
1157 3178 1341 3223 conservare
1355 3147 1463 3236 eosqui
1474 3160 1503 3207 ΕΚ

371 3282 406 3326 se
420 3260 486 3325 nati
501 3268 601 3338 erant,
618 3260 763 3345 quoniam
786 3260 865 3325 nihil
886 3260 1080 3346 prohibebat,
1094 3260 1151 3326 sed
1171 3260 1273 3348 magis
1293 3260 1372 3326 utile
1391 3265 1460 3328 erat,
1473 3244 1503 3310 δὴ

371 3363 460 3429 initio
471 3364 652 3453 cognovisse
666 3385 730 3443 eos,
747 3364 893 3449 quoniam
907 3364 1089 3450 incapabilis
1102 3373 1135 3431 et
1149 3358 1503 3453 incomprehensibilitatei

373 3466 481 3533 Pater.

815 3636 917 3703 OAP.
939 3637 1085 3704 XXIII.
1106 3624 1110 3631 ’

373 3764 559 3856 Quoniam
575 3765 718 3865 Sophia
734 3792 924 3867 nunquam
948 3769 990 3844 ia
1015 3770 1229 3869 spnotomio
1251 3784 1284 3847 ct
1306 3770 1348 3846 in
1365 3760 1501 3846 danim

837 3885 981 3961 ratione
998 3900 1059 3962 est.

437 4062 606 4145 Qoouooo
629 4067 735 4153 autem
756 4081 819 4125 non
837 4081 951 4125 vanum
972 4069 1030 4139 est,
1054 4062 1137 4147 quod
1166 4060 1262 4127 etiam
1286 4062 1430 4150 Sophiam
1449 4051 1502 4137 0j¹1⁸

371 4164 479 4230 dicunt
500 4162 532 4227 in
555 4162 739 4250 ignorantia,
755 4171 787 4227 et
807 4162 839 4226 in
861 4164 1116 4243 deminoratione,
1133 4173 1166 4229 et
1188 4165 1222 4229 in
1243 4164 1388 4251 passione
1405 4147 1502 4228 aba!

373 4266 455 4331 Haec
469 4264 553 4331 enim
567 4266 669 4331 aliena
687 4274 761 4331 sunt
782 4287 803 4329 a
819 4264 936 4351 Sophia
956 4274 990 4332 et
1011 4266 1176 4346 contraria,
1190 4269 1247 4334 sed
1266 4291 1325 4335 uec
1345 4262 1501 4333 affectiones

371 4369 439 4455 ejus
453 4375 537 4433 suut.
582 4367 649 4433 Ubi
667 4368 751 4433 enim
766 4376 815 4434 est
829 4366 1065 4455 improvidentia
1079 4378 1112 4434 et
1125 4369 1302 4457 ignorantia
1314 4363 1459 4437 utitatis
1468 4348 1501 4417 ibi

422 4554 594 4627 ῙΑΜΜΜ.
977 4566 1071 4610 correct
1078 4561 1182 4624 thereby
1189 4562 1233 4610 tha
1242 4566 1376 4611 statement
1386 4556 1448 4625 μὴ
1456 4554 1500 4601 ¹¹·3·

423 4634 435 4666 ¹
451 4637 466 4687 r.
478 4654 499 4687 ο.
521 4638 586 4688 nus.
606 4639 628 4689 1.
643 4639 689 4689 tr.
702 4639 733 4689 ef.
746 4639 801 4691 111.
815 4638 861 4702 so,
875 4641 926 4690 sna
1025 4640 1036 4674 ⁸
1052 4644 1178 4705 axem„
1188 4645 1227 4693 en
1238 4645 1414 4704 aarum.
1425 4636 1444 4686 1.
1452 4632 1464 4680 i·
1472 4645 1491 4685 4·
