3225 5184
291 406 357 471 164
767 418 958 475 RATIONES

127 594 279 681 ffllfflb.
292 578 373 680 ὑπὲρ
397 577 440 652 τῦ
466 578 627 672 ὑγιαίνειν,
648 579 754 673 ταῦτ-η
780 581 914 663 μᾶλλον
938 582 1040 656 κακῶς
1064 578 1191 675 ἔχουσι.
1238 576 1380 660 Ὁμοίως
1408 572 1444 645 di

126 686 345 775 lu⁵³l³,¹'²‘'¹'rrai
363 692 466 778 οῦτοι,
493 695 516 787 ᾖ
536 696 671 777 μᾶλλον
691 695 910 791 ὑπερφρονεῖν
939 689 1081 777 δοκοῦσι,
1109 692 1164 763 καῖ
1190 688 1532 790 ιε’κνευρίζονσινΜ

131 810 278 819 -”“
292 806 432 889 ἑαυτοὺς,
452 807 616 904 ῦπίρτονα
636 802 837 899 τοξεύοντες,
861 806 966 899 ταῦπη
989 806 1123 888 μᾶλλον
1141 804 1178 874 οῦ
1200 808 1444 902 σωφρονοῦσιν.

289 915 459 1015 Ἐξελθόυ
482 916 549 1017 γὰρ
577 916 620 989 τὸ
646 914 838 1016 ἀκάθαρτον
857 923 982 999 πνεῦμα
1003 924 1061 999 τῆς
1084 916 1219 1008 ἀγνοίας
1244 912 1286 1021 [l.
1305 907 1444 1017 ἆνοίας],

291 1032 407 1103 ἔπειτα
437 1028 675 1131 σχολάζοντας
703 1029 828 1113 αὐτοὺς,
850 1031 887 1101 οῦ
915 1031 998 1119 θεῷ,
1028 1027 1120 1100 α’λλᾶ
1146 1038 1318 1111 κοσμικαῖς
1348 1027 1445 1129 ζητή-

291 1175 386 1216 σεσιν
423 1142 522 1243 εῦρόν,
555 1141 855 1243 προσπαραλαβὸν
885 1143 983 1241 ἔτερα
1025 1143 1193 1226 πνεύματα
1228 1138 1317 1212 ἔπτὰ
1346 1170 1445 1221 πονη-

290 1257 416 1357 ρότερα
438 1258 564 1340 ἑαυτοῦ,
585 1256 638 1326 καί
659 1261 833 1352 χαυνῶσαν
850 1256 954 1326 αῦτιῦν
971 1255 1032 1338 την
1051 1256 1190 1348 γνιίμηυ,
1211 1252 1445 1363 ὡςιῦνναμένων

291 1368 336 1442 τὰ
363 1367 445 1469 ὑπὲρ
471 1367 532 1442 τὸν
558 1366 646 1438 Θεὸν
672 1369 798 1451 ἐννοεῖν,
827 1368 880 1438 καί
908 1365 1092 1451 ἐπιτήδειον
1111 1370 1154 1443 είς
1171 1367 1444 1465 ’ῦπερὲκκρονσιυ

290 1479 552 1566 κατασκευάσαυ,
566 1482 626 1562 την
641 1478 790 1572 ὀγδοάδα
805 1488 863 1563 τῆς
878 1480 988 1557 α’νοίας
1002 1485 1069 1551 τῦυ
1086 1484 1233 1579 πονηρῶν
1253 1476 1444 1562 πνευμάτων

293 1598 336 1673 εἷς
353 1596 469 1671 adroic
489 1596 672 1677 ε’νεθῆκωσε.

795 1804 888 1903 Κεφ.
909 1806 939 1873 ι.

294 1961 611 2052 Quemadmodum
631 1961 934 2037 comversationem
956 1958 1152 2035 acciendum
1164 1960 1337 2059 figemom
1359 1959 1443 2057 ejus,

454 2078 520 2177 qui
536 2078 641 2177 opud
658 2104 715 2153 coa
732 2080 916 2165 Plermmo,
934 2091 1114 2176 exponam
1122 2077 1280 2175 scetem.

368 2228 642 2302 ΒΟΥΛΟΜΑΙ
664 2229 699 2301 de'
718 2263 772 2303 σοι
792 2232 847 2302 καῖ
865 2235 906 2308 ὡς
926 2230 1025 2313 αὐτην
1038 2230 1098 2313 την
1116 2231 1226 2302 κτίσιν
1243 2231 1316 2302 κατ’
1337 2230 1444 2300 εἰκόνα

291 2347 357 2416 τῶν
391 2340 543 2442 ιἰορᾶτων
579 2343 642 2415 ὑπὸ
679 2350 741 2415 τοῦ
780 2341 989 2440 δημιουργοῦ,
1024 2346 1064 2420 ὡς
1099 2342 1299 2435 ἆγνοοῦντοι
1335 2343 1445 2437 αὑτοῦ,

290 2452 550 2527 κατεσκευάσθαι
571 2454 622 2527 διὰ
637 2464 695 2540 τῆς
712 2455 856 2555 Μητρὸς
870 2458 1019 2547 λέγουσι,
1034 2453 1266 2548 διηγήσασθαι.
1298 2454 1480 2569 Πρῶτονξ
1519 2513 1526 2525 .

290 2566 350 2653 μὲν
372 2567 417 2641 τὰ
441 2570 614 2669 3τέσσαρα
639 2566 795 2666 στοιχεῖά
817 2576 914 2668 φασι,
933 2575 1006 2668 πῦρ,
1026 2562 1119 2668 ὕδωρ,
1140 2576 1209 2660 γῆν,
1229 2568 1319 2668 ἆέρα,
1340 2568 1445 2638 εἰκόνα
1458 2578 1527 2619 '¹⁸²

291 2765 402 2846 agunt,
433 2759 578 2844 quaedam
605 2768 713 2824 autem
744 2767 778 2823 et
804 2758 893 2843 quasi
919 2758 990 2844 plus
1016 2780 1111 2843 quam
1139 2759 1210 2823 sani
1235 2765 1320 2829 sunt.
1350 2764 1445 2822 tanto

291 2858 394 2944 magis
420 2859 503 2921 male
530 2858 662 2928 habent.
710 2856 866 2923 Similiter
893 2868 1001 2923 autem
1032 2866 1067 2923 et
1092 2858 1135 2932 hi,
1158 2881 1223 2944 quo
1248 2857 1349 2944 magis
1374 2856 1446 2942 plus

289 2978 402 3042 sapere
413 2964 578 3042 putantur,
594 2965 780 3022 enervantes
796 2959 991 3043 semetipsos,
1006 2967 1225 3043 superbonum
1242 2957 1444 3044 sagittantes.

127 3073 270 3115 natanias
290 3063 384 3121 tanto
401 3056 501 3142 magis
518 3078 581 3121 non
597 3056 736 3143 sapiunt.
777 3056 898 3122 Exiens
914 3057 997 3121 enim
1015 3057 1195 3122 immundus
1211 3057 1341 3143 spiritus
1356 3057 1445 3143 igno·

289 3156 414 3235 mutim,
431 3156 504 3221 dein
521 3163 670 3223 vacantes
687 3180 741 3222 eoa
763 3178 829 3221 non
845 3155 926 3232 Deo,
952 3158 1009 3221 sed
1034 3157 1246 3223 mundialibus
1263 3156 1445 3242 quaestioni-

289 3256 349 3320 bus
368 3256 537 3333 inveniens,
556 3278 717 3322 assumens
737 3258 816 3322 alios
840 3257 971 3343 spiritus
994 3265 1118 3343 septem
1140 3258 1306 3343 nequiores
1328 3266 1445 3321 semet-

288 3354 368 3441 ipso,
397 3365 430 3422 et
453 3356 614 3422 infatuans
639 3356 763 3421 illorum
789 3357 991 3434 sententiam,
1015 3357 1103 3444 quasi
1129 3358 1252 3443 possint
1276 3378 1347 3442 quae
1369 3364 1445 3421 sunt

289 3477 384 3540 super
398 3456 503 3521 Deum
516 3456 706 3533 adinvenire,
719 3465 753 3522 et
767 3457 953 3543 aptabiliter
967 3458 1000 3521 in
1012 3457 1222 3522 exclusionem
1237 3456 1444 3543 compositam

290 3554 477 3640 Ogdoadem
493 3555 684 3643 ignorantiae
700 3557 963 3643 nequissimorum
979 3556 1150 3643 spirituum
1166 3556 1199 3620 in
1217 3580 1271 3622 eos
1287 3556 1444 3642 deposuit.

779 3732 879 3800 CAP.
907 3733 955 3799 X.

365 3858 454 3927 Vono
476 3868 582 3928 autem
600 3861 659 3928 tibi
679 3862 797 3930 referre
815 3866 1079 3951 quemadmodum
1103 3873 1138 3933 et
1163 3867 1265 3954 ipsam
1289 3866 1446 3933 conditio·

286 3984 360 4029 nem
386 3963 559 4029 seeundum
586 3962 756 4051 imaginem
780 3964 980 4031 invisibilium
999 3988 1020 4031 a
1038 3966 1223 4055 Demiurgo,
1243 3968 1333 4053 quasi
1354 3968 1441 4054 igno

285 4072 380 4130 rante
398 4086 445 4139 eo,
466 4062 656 4130 fabricatam
673 4087 731 4150 per
750 4065 893 4132 Matrem
909 4064 1030 4132 dicunt.
1083 4065 1193 4131 Primo
1211 4067 1338 4153 quidem
1363 4089 1442 4153 qua·

285 4170 361 4229 tuor
378 4164 535 4229 elementa
547 4165 667 4243 dicunt,
680 4164 794 4254 ignem,
810 4187 935 4251 aquam,
948 4173 1078 4243 terram,
1092 4173 1126 4232 et
1139 4174 1258 4243 aerem,
1272 4165 1443 4254 imaginem

334 4320 344 4354 ¹
363 4324 530 4385 ἐσκομίζουσιν
539 4324 643 4385 ἑαυτοὺς,
657 4325 763 4374 exhaust
775 4325 841 4374 their
888 4327 1003 4391 gony—d
1020 4328 1079 4377 θεὸς
1095 4330 1120 4376 ἐν
1131 4328 1199 4389 μέσῳ
1217 4329 1312 4387 θέμενος
1326 4329 1353 4377 ἐκ
1370 4330 1443 4390 τυρὸς

286 4404 408 4467 strength.
890 4410 930 4456 rol
946 4410 992 4470 γῆς
1009 4409 1076 4471 ἀέρος
1091 4426 1120 4457 τε
1142 4412 1171 4458 τὸ
1189 4412 1233 4457 τοῦ
1252 4411 1341 4460 κάκτος
1363 4412 1441 4470 ἐδημι-

335 4482 517 4548 1ιἰτέκιιμουσιυ
539 4487 560 4534 is
588 4487 631 4535 the
653 4484 793 4549 conjecture
814 4488 844 4536 ol
890 4490 995 4550 οὐργησε
1019 4492 1098 4549 σῶμα.
1144 4488 1224 4540 Hm.
1247 4490 1316 4540 Pleil.
1340 4503 1378 4539 V1.
1401 4492 1440 4539 ue.

286 4561 404 4615 Bruttus.
434 4566 542 4616 Seealso
553 4584 577 4632 p.
594 4568 647 4629 ¹18,
661 4584 686 4617 n.
701 4582 723 4617 u.
889 4570 950 4619 And
960 4570 1037 4621 hence
1047 4572 1091 4621 the
1102 4572 1219 4621 Gnostics
1233 4572 1362 4621 horrowed
1377 4572 1444 4621 tbeir

335 4644 346 4675 ³
369 4646 402 4694 So
423 4650 448 4695 in
471 4650 513 4696 tbs
542 4650 717 4712 Pythagoream
748 4665 841 4699 cosmo
889 4653 976 4701 notion
994 4652 1023 4700 or
1036 4669 1052 4701 a
1073 4652 1134 4717 flery
1151 4654 1295 4719 Demiurge,
1316 4655 1444 4719 presiding
