3225 5184
337 376 403 448 276
605 392 844 448 nnmcoums
870 392 1081 448 sanonum
1104 392 1224 447 smus

181 568 312 610 mallen.

175 616 316 701 aspar
566 554 570 563 ⁴
812 611 912 676 one.
937 610 1025 678 xn.

172 708 318 837 Ἤ
337 766 525 859 Quomodo
551 766 584 842 is
607 791 725 841 senum
748 762 814 865 qui
838 777 889 841 est
913 764 960 840 de
982 763 1213 840 :mmmmm
1237 763 1385 839 illorum
1410 790 1501 839 cou-

411 884 504 960 oidit
526 882 568 958 in
593 896 753 983 utroque,
779 896 813 957 et
838 881 1037 957 secundam
1064 881 1108 957 id
1136 882 1234 982 quod
1253 883 1344 983 plus
1373 894 1435 970 est,
1462 895 1503 956 et

410 998 608 1076 seeundum
626 998 668 1073 id
684 998 782 1098 qaod
798 996 931 1075 minoas.

334 1165 452 1231 Pnruo
484 1164 611 1252 quidem
647 1164 686 1230 de
713 1164 910 1231 triacontade
938 1163 1078 1250 ipsorum
1102 1163 1153 1229 sic
1185 1162 1335 1243 dicemus,
1370 1162 1500 1228 univer·
1513 1176 1591 1261 (ἐξ

333 1290 402 1334 sam
428 1291 498 1335 eam
524 1268 669 1355 utrinque
695 1268 774 1333 mire
799 1268 952 1344 decidere,
975 1274 1008 1333 et
1033 1267 1205 1332 secundnm
1227 1266 1260 1331 id
1281 1265 1366 1352 quod
1387 1266 1501 1333 minus

332 1372 429 1441 habet
454 1382 487 1440 et
511 1372 684 1437 secundnm
705 1371 739 1437 id
760 1371 845 1459 quod
861 1370 942 1458 plns,
962 1378 1089 1458 propter
1111 1392 1206 1457 quam
1227 1369 1337 1437 dicunt
1359 1369 1501 1459 triginta

332 1497 485 1549 annornm
500 1475 671 1541 Dominum
685 1475 726 1541 ad
739 1474 932 1560 baptismum
945 1474 1075 1539 venisse
1125 1473 1208 1538 Haec
1229 1480 1336 1537 antem
1354 1472 1498 1551 dicente,

332 1578 498 1644 manifesta
526 1577 586 1643 erit
611 1577 764 1643 universae
788 1574 1068 1663 argumentationis
1096 1574 1234 1659 ipsorum
1262 1574 1391 1642 eversio.
1446 1574 1498 1641 Et

332 1681 503 1747 mundum
525 1679 802 1744 deminorationem
822 1678 947 1767 quidem
967 1678 1033 1743 sie:
1060 1677 1168 1741 Primo
1187 1677 1322 1764 quidem,
1342 1677 1498 1764 qnoniam

332 1790 539 1849 annumerant
557 1781 682 1868 reliquis
697 1780 860 1846 AEonibus
874 1780 1088 1866 Propatorem.
1128 1778 1225 1844 Pater
1245 1778 1330 1845 enim
1351 1779 1498 1845 omnium

332 1888 505 1957 enumerari
519 1909 582 1952 non
597 1887 777 1952 debetcum
791 1885 910 1972 reliqua
926 1884 1107 1950 emissione:
1130 1885 1184 1972 qui
1204 1905 1269 1950 non
1287 1893 1336 1950 est
1357 1885 1497 1951 emissus

332 2010 404 2058 cum
426 2011 464 2055 ea
489 2011 559 2077 quae
580 1989 695 2055 emissa
716 1997 779 2055 est:
801 1996 835 2055 et
860 1988 987 2053 innatus
1013 2010 1085 2055 curn
1104 2010 1234 2076 eaquae
1255 1996 1332 2053 nata
1356 1996 1425 2055 est:
1457 2000 1496 2057 et

332 2112 426 2178 quem
447 2112 539 2157 nemo
561 2091 646 2178 capit
667 2112 737 2156 cum
763 2113 801 2157 ea
820 2112 891 2177 qua:
908 2091 949 2155 ab
966 2112 1004 2156 eo
1020 2090 1150 2177 capitur,
1165 2100 1199 2156 et
1212 2099 1339 2178 propter
1357 2091 1421 2158 hoc
1440 2092 1495 2159 in·

332 2193 495 2278 capabilis:
520 2193 573 2280 qui
587 2194 773 2281 infiguratus
787 2202 837 2259 est
850 2215 923 2260 cum
937 2214 976 2259 ea
989 2216 1060 2280 quae
1074 2195 1209 2281 figurata
1222 2202 1279 2260 est.
1310 2194 1496 2260 Secundum

332 2296 416 2363 enim
432 2295 464 2361 id
479 2297 561 2382 quod
576 2295 684 2377 melipr
698 2318 792 2383 quam
806 2296 916 2383 reliqui
930 2318 993 2361 non
1008 2296 1100 2361 debet
1117 2318 1189 2361 cum
1209 2296 1255 2361 eis
1273 2298 1491 2372 annumerari:

332 2409 365 2465 et
379 2397 440 2465 hoc
455 2420 527 2463 cnm
541 2399 651 2464 AEone
657 2398 813 2484 passibili,
833 2408 867 2464 et
880 2399 914 2463 in
927 2421 1031 2464 errore
1045 2398 1227 2477 constituto,
1242 2397 1295 2484 qni
1309 2407 1359 2463 cst
1372 2399 1494 2485 impss-

331 2499 431 2569 eibilis
450 2509 483 2567 et
504 2524 568 2566 non
589 2523 707 2569 errans.
752 2502 907 2584 Quoniam
929 2501 1012 2566 enim
1037 2522 1058 2566 a
1080 2500 1187 2587 Bytho
1210 2502 1394 2567 inchoantes
1412 2502 1496 2567 tria-

332 2603 467 2670 contada
487 2613 671 2670 enumerant
692 2626 790 2693 usque
810 2604 852 2669 ad
874 2604 1034 2690 Sophiam,
1058 2626 1153 2691 quam
1177 2605 1319 2669 AEonem
1333 2615 1497 2671 errantem

332 2707 451 2787 dicunt,
474 2706 667 2774 ostendimus
688 2707 722 2771 in
738 2729 775 2773 ec
795 2707 875 2772 libro
889 2708 942 2795 qui
964 2715 1106 2773 estante
1127 2706 1212 2773 hunc
1232 2706 1355 2784 librum,
1371 2716 1406 2773 et
1419 2731 1497 2796 quas

334 2810 442 2875 dicunt
466 2810 593 2876 nomina
618 2811 757 2897 ipsorum
779 2810 954 2896 posuimus:
978 2810 1038 2876 hoe
1059 2819 1167 2875 antem
1187 2830 1253 2875 non
1272 2822 1494 2891 annumerato,

167 2915 399 3029 gfpppozjam
413 2922 564 2980 nunaunt
583 2936 648 2979 xxx
667 2913 839 2979 secundum
859 2934 914 2980 eos
935 2912 1117 2979 emissiones
1138 2912 1294 2995 AEonum‚
1316 2914 1373 2978 sed
1390 2937 1436 2998 nx
1458 2926 1495 2983 et

184 3010 186 3015 ’
219 3008 226 3026 ’
252 3012 257 3022 '
333 3036 443 3085 novem
459 3013 547 3080 fiunt.
1188 3043 1190 3048 ·

791 3219 892 3287 OAP.
917 3219 1023 3285 Xlll.

336 3374 520 3467 Quoniam
543 3374 765 3476 impossihile
784 3389 834 3451 est
858 3391 1053 3477 separatus
1073 3402 1145 3453 esse
1172 3376 1220 3453 ab
1247 3376 1403 3453 inuicem
1428 3404 1495 3457 eas

409 3522 488 3595 qum
531 3492 636 3593 infra
675 3494 946 3593 plenitudinem
983 3494 1159 3573 dieantur
1195 3494 1491 3595 oom'upationes:

409 3610 576 3687 adunitis
608 3625 730 3693 autem
759 3610 816 3705 iis,
854 3610 1074 3711 impossibiie
1106 3628 1155 3689 est
1194 3612 1378 3714 Sophiam
1410 3614 1493 3691 sine

411 3728 558 3826 cmp'upe
598 3728 833 3829 assumpsisse
875 3729 1002 3822 labem
1046 3744 1110 3805 ant
1147 3731 1261 3807 etiam
1299 3759 1494 3829 penerassa

409 3844 564 3945 aliquid.

336 4015 367 4079 1.
412 4011 500 4078 Posr
535 3996 647 4077 deinde
676 4010 810 4101 primam
845 4010 1043 4079 emissionem
1070 4011 1239 4093 Ennoiam,
1271 4035 1365 4102 quam
1392 4013 1492 4101 Sigen

335 4122 512 4194 lvocantes,
532 4136 573 4181 ex
593 4135 655 4202 qua
677 4136 800 4180 rursum
822 4114 946 4198 ²[Nnn]
972 4123 1006 4181 et
1029 4115 1191 4182 Alethiam
1213 4115 1345 4183 emissos
1367 4116 1489 4183 dicunt:

383 4288 393 4321 ¹
409 4294 494 4339 cocant
504 4302 583 4337 seems
593 4292 620 4337 to
628 4286 659 4336 bs
666 4286 780 4351 requirad
790 4286 889 4337 instead
939 4304 1012 4338 πειτα
1023 4290 1068 4349 τὴν
1080 4290 1177 4352 rpdrov
1189 4288 1312 4353 προβολὴ
1322 4288 1491 4350 mmmm,

334 4372 363 4421 ol
371 4378 485 4433 msam,
500 4387 528 4421 a
541 4386 591 4436 quo
607 4385 667 4436 may
681 4377 808 4435 represent
824 4372 885 4433 ἱρῆς,
938 4370 969 4430 ἥν
985 4369 1064 4433 muts
1082 4372 1204 4431 echome,
1219 4372 1273 4432 ἐεῆς
1288 4372 1364 4420 πόλιν
1376 4368 1441 4419 noo
1452 4374 1494 4419 eal

334 4453 432 4503 sartho
453 4454 545 4503 second
569 4454 625 4518 pair
646 4452 667 4501 is
690 4468 766 4501 nevar
787 4452 842 4501 said
861 4457 889 4502 to
934 4452 1065 4514 ’Δλήθειυ
1092 4452 1260 4517 προβληθῆναι
1286 4452 1394 4514 λέγουσι
1446 4451 1494 4502 fles

335 4534 398 4583 heve
415 4534 551 4598 procssded
567 4534 632 4582 from
650 4532 706 4597 uim
722 4532 800 4583 dona
836 4534 889 4583 The
938 4540 997 4583 note
1011 4548 1032 4595 r,
1046 4552 1071 4599 p.
1085 4537 1125 4599 98,
1137 4534 1194 4585 and
1207 4550 1324 4599 compare
1334 4534 1377 4583 the
1387 4538 1449 4582 note
1458 4534 1494 4597 by

335 4614 440 4679 on'ginal
450 4616 579 4680 mayhave
589 4632 637 4666 run
648 4632 676 4666 as
686 4615 797 4667 follows:
811 4616 889 4666 Mert-
938 4616 1018 4666 Voss
1031 4618 1058 4665 in
1069 4616 1129 4668 Ion.
1142 4617 1177 4667 ud
1187 4618 1275 4681 Mcqn.
1288 4616 1383 4668 Com.
