3225 5184
652 390 845 442 rnrrssss.
869 438 872 442 ,
1256 375 1322 441 205

71 563 148 649 {¹}pr
168 546 267 627 ὅμοια
288 546 386 629 oriris
404 543 647 645 ἀσπαζομένην·
690 545 762 629 Tll'
782 544 817 617 δὲ
835 552 898 619 7οὓ
918 547 1029 629 Ἰησοῦ
1046 548 1184 638 λέγουσῑ
1206 546 1323 643 ,texts
1335 564 1485 651 &iiiiii

69 656 143 696 vitat.
176 659 184 683 '
231 660 239 685 l
336 663 344 687 ¹

169 690 304 742 εννομως
328 660 504 743 ησκημένην
529 660 561 728 ἐν
588 657 778 736 Ἰουδαϊκοῖς
802 662 902 743 ἔθεσι,
927 666 1182 759 καταφρονῆσαι
1207 660 1321 743 αῦτῶν,
1334 658 1487 743 ¹⁸⁸⁸j‚¹·⁸¹'·

167 772 220 841 roi
238 770 289 843 dai
303 778 408 845 τοῦτο
424 768 568 855 δυνάμεις
580 772 849 855 ἕτιτετελεκέναι,
865 768 955 876 [ΙΝΤ.
972 768 1266 876 ireres-exsectae]
1284 770 1321 841 δι’

169 884 211 957 ὧν
228 890 420 983 κατόργησε
439 882 483 957 τὰ
502 883 557 953 ἐπὶ
577 882 713 956 κολάσει
733 882 824 966 πόθη
842 886 1017 983 προσόντα
1037 896 1109 964 τοῖς
1127 886 1322 985 ἀνθρώποις.

169 998 241 1079 Τὴν
258 996 312 1069 οῦν
331 1000 449 1082 ὁμοίως
466 997 563 1091 ἐκείνῃ
583 1004 626 1091 τῇ
645 1004 708 1069 τοῦ
723 998 884 1094 Χριστοῦ
907 999 1006 1095 duxi
1026 997 1196 1082 δυναμένην
1220 1030 1324 1069 κατα-

1035 1112 1043 1138 Ι

171 1117 339 1210 φρονῆσαι
388 1115 453 1182 τῶν
495 1115 708 1192 κοσμοποιῶν
744 1110 927 1209 ἀρχόντων,
965 1115 1082 1195 ὁμοιως
1119 1108 1323 1199 Ῑλαμβάνειν

171 1222 301 1307 δύναμιν
321 1222 404 1322 πρὸς
424 1223 467 1296 τὸ
485 1220 611 1320 πρᾶξαι
630 1221 674 1296 τὰ
696 1224 804 1305 ὅμοια·
824 1221 945 1293 διὸκαὶ
964 1227 1006 1301 εἷς
1027 1230 1133 1298 τοῦτο
1151 1226 1194 1298 τὸ
1213 1230 1323 1322 τῦφος

169 1338 442 1421 κατεληλύθασιν,
471 1331 616 1441 [ΕΡΙΡΗ.
644 1330 872 1439 idolatriam]
903 1334 992 1409 ὥστε
1015 1338 1130 1414 αὐτοῦς
1160 1334 1201 1444 [l.
1225 1336 1321 1446 τοὺς]

169 1446 228 1532 μὲν
251 1450 382 1533 ὁμοίους
404 1450 493 1539 αὐτῷ
517 1448 593 1521 εἶναι
619 1450 758 1541 λέγουσι
781 1452 832 1538 τῷ
853 1449 974 1534 Ἰησοῦ,
1002 1450 1079 1527 τοὺς
1110 1448 1145 1521 δὲ
1169 1452 1241 1522 2καὶ
1272 1454 1321 1525 ἔτι

170 1560 416 1662 δυνατωτέρους,
432 1561 522 1639 τινὰς
541 1562 575 1633 δὲ
591 1564 644 1633 καὶ
663 1561 930 1661 διαφορωτὲρους
945 1567 1012 1633 τῶν
1028 1565 1146 1634 ἐκείνου
1157 1569 1322 1651 μαθητῶν,

171 1672 239 1745 οἷον
259 1675 396 1775 Πέτρου
413 1677 465 1747 καὶ
487 1676 627 1747 Παύλου
641 1676 694 1745 καὶ
714 1680 780 1746 τῶν
797 1680 922 1745 λοιπῶν
942 1676 1157 1747 ιἰποστόλων·
1186 1680 1323 1757 τούτους

171 1870 449 1956 amplecterentur,
469 1872 622 1937 similiter.
662 1869 742 1935 Jesu
756 1880 864 1935 autem
883 1870 993 1935 dicunt
1007 1870 1146 1937 animam
1162 1872 1193 1937 in
1211 1871 1322 1939 Judae-

72 1998 152 2038 cneo.
172 1994 261 2035 erum
280 1972 507 2037 consuetudine
527 1972 683 2036 nutritam
703 1971 930 2055 contempsisse
953 1994 1016 2046 ees,
1043 1980 1078 2037 et
1102 1982 1236 2059 propter
1261 1975 1322 2041 hoc

170 2070 304 2135 virtutes
326 2072 507 2157 ³accepisse,
535 2095 593 2157 per
618 2094 696 2157 quas
724 2072 888 2136 evacuavit
914 2094 985 2156 quae
1006 2073 1136 2137 luerunt
1163 2074 1196 2137 in
1220 2076 1322 2160 poenis

171 2168 207 2255 [l.
236 2173 361 2257 poenas]
392 2174 561 2257 passiones,
594 2196 663 2258 qnae
691 2172 819 2236 inerant
850 2171 1039 2237 hominibus.
1093 2172 1143 2237 Ea
1175 2174 1210 2259 [l.
1233 2172 1320 2261 eam]

168 2272 277 2359 igitur,
297 2295 368 2358 quae
385 2272 531 2337 similiter
546 2282 643 2358 atque
664 2272 719 2337 illa
740 2272 821 2336 Jesu
844 2271 960 2344 anima,
987 2281 1095 2357 potest
1118 2283 1322 2339 contemnere

169 2372 279 2437 mundi
313 2372 522 2437 fabricatores
551 2373 731 2445 archontas,
763 2371 910 2436 similiter
943 2372 1088 2457 accipere
1117 2374 1253 2439 virtutes
1280 2376 1321 2438 ad

169 2472 365 2557 operandum
391 2472 512 2537 similia.
565 2472 771 2557 Quapropter
797 2479 832 2534 et
857 2471 899 2534 ad
925 2479 1052 2536 tantum
1079 2472 1224 2537 elationis
1250 2497 1322 2559 pre-

168 2573 251 2638 veeti
279 2579 364 2647 sunt,
390 2581 428 2637 ut
458 2574 586 2659 quidam
615 2574 742 2658 quidem
771 2569 889 2633 similes
918 2573 970 2635 ⁴se
992 2594 1059 2634 esse
1083 2574 1192 2637 dicant
1218 2573 1321 2640 Jesu:

170 2674 299 2757 quidam
334 2682 441 2738 autem
466 2674 569 2738 adhuc
596 2681 630 2738 et
660 2670 833 2736 secundum
861 2668 979 2755 aliquid
1004 2670 1058 2734 illo
1084 2671 1242 2743 fortiores,
1267 2673 1322 2759 qui

169 2780 245 2837 sunt
275 2772 310 2859 [l.
330 2774 459 2858 quidam
488 2770 537 2858 et]
570 2774 726 2837 distantes
756 2769 891 2854 amplius
922 2792 1017 2854 quam
1048 2770 1130 2834 illius
1165 2772 1320 2857 discipuli,

169 2882 205 2937 ut
221 2882 300 2958 puta
321 2896 415 2958 quam
432 2872 549 2938 Petrus
566 2881 598 2937 et
614 2871 741 2945 Paulus,
757 2880 790 2934 et
808 2869 919 2955 reliqui
940 2871 1111 2955 Apostoli:
1136 2872 1194 2935 hos
1212 2883 1322 2937 autem

170 3049 338 3099 Errrnanrun
349 3066 473 3115 expresses
482 3050 582 3099 himself
590 3050 615 3098 in
627 3050 721 3097 similar
769 3046 845 3112 [rard
862 3046 898 3111 τι]
914 3048 990 3110 being
1005 3063 1038 3095 an
1056 3049 1169 3096 errores
1182 3034 1320 3113 similarity.

168 3134 245 3179 terme
255 3150 260 3181 :
270 3133 324 3180 Ἵνα
335 3135 374 3182 διο
381 3134 521 3181 πασῶντῶν
528 3132 636 3194 πράξεων
644 3132 721 3192 χωρη
818 3127 829 3159 ³
847 3129 874 3177 It
885 3130 966 3192 might
976 3128 1067 3177 annosa
1078 3129 1109 3177 be
1121 3131 1252 3193 suspected
1265 3131 1323 3179 that

169 3226 235 3257 σασα
247 3212 286 3259 καὶ
299 3212 483 3272 ἔλευθερωθεῖσο
499 3212 587 3257 διέλθοι
602 3210 660 3269 πρὸς
680 3210 719 3255 οὐ·
771 3210 1001 3258 Er1rflax1uswas
1015 3210 1146 3273 rendering
1159 3212 1202 3259 the
1216 3212 1321 3259 transla-

169 3292 211 3342 τὸν
223 3296 285 3341 dra·
304 3294 343 3342 καὶ
359 3295 403 3342 τὰς
417 3292 498 3350 ὁμοίας
515 3293 577 3352 αὐτῇ
592 3293 672 3351 ψυχὰς
688 3292 720 3337 τὰ
769 3294 822 3340 tion
834 3292 899 3339 back
914 3293 967 3340 into
985 3292 1083 3350 Greels3
1107 3293 1145 3339 for
1161 3295 1284 3353 εἰληφέναι
1301 3294 1323 3343 is

169 3376 477 3436 ἴσααύτῇάσπασαμένας,
491 3370 534 3421 τὸν
549 3372 720 3433 αὐτὸντρόπον
769 3388 801 3419 an
824 3377 895 3419 exact
922 3371 1063 3435 equivalcnt
1085 3372 1114 3419 of
1134 3371 1255 3433 accepere,
1280 3373 1323 3421 the

169 3456 365 3519 ἐλευθερωθείσας
386 3456 434 3505 ἄνω
452 3456 540 3514 πτῆναι
559 3452 618 3515 πρὸς
635 3454 677 3502 τὸν
695 3455 719 3501 d·
769 3454 924 3503 translator's
946 3454 1135 3517 interpretation
1157 3453 1186 3501 os
1199 3454 1243 3501 the
1260 3453 1323 3503 t'alse

167 3554 276 3597 ’γνωστον
285 3539 392 3599 Πατέρα.
406 3537 576 3598 Ηατ.α7,ἓα.
594 3536 721 3583 Iamna
769 3536 873 3599 reading
901 3538 1107 3597 ἐπιτετυχηκέναι.
1162 3536 1216 3585 The
1242 3538 1321 3586 veris·

167 3636 227 3683 may
252 3620 316 3668 hare
336 3620 443 3679 written,
469 3621 508 3667 sal
530 3621 574 3667 τὰς
595 3619 628 3666 το
650 3618 720 3675 ὅμοια
769 3614 836 3662 tiens
851 3614 879 3661 ef
893 3614 1061 3663 Ermnsmus
1074 3632 1116 3663 are
1130 3616 1199 3663 often
1212 3616 1320 3664 remark·

169 3702 233 3760 αὐτῇ
246 3701 289 3747 τὸν
300 3700 472 3761 αὐτὸντρόπον
484 3700 658 3759 ἀσπαζομένου.
768 3696 831 3743 able.
867 3695 935 3743 Here
954 3697 1049 3745 hohas
1068 3700 1117 3757 Τὴν
1135 3699 1161 3746 δὲ
1181 3700 1261 3759 ψυχὴν
1278 3700 1322 3747 τοῦ

217 3779 296 3827 ³'llse
315 3780 473 3829 Benedictine
491 3780 593 3843 reading
608 3796 682 3843 qaum
699 3782 720 3829 is
766 3775 849 3834 Ἰησοῦ
866 3778 891 3825 ἐν
907 3780 957 3827 τοῖς
972 3780 1022 3826 τῶν
1035 3779 1158 3827 Ἰουδαίων
1174 3782 1251 3829 ἔθεσιν
1265 3782 1320 3829 ἀνα·

164 3860 277 3923 justified
290 3861 324 3924 by
334 3861 378 3910 the
395 3861 484 3921 Greek,
503 3862 553 3909 and
570 3862 590 3909 it
606 3862 628 3909 is
643 3862 719 3909 found
768 3861 903 3920 τραφεῖσαν
919 3863 1101 3922 καταφρονῆσαι
1118 3862 1203 3921 αὐτῶν,
1223 3864 1263 3909 καὶ
1282 3864 1322 3910 διὰ

167 3944 193 3991 in
205 3943 248 3992 the
259 3941 359 3989 Casan.
373 3940 430 3990 MS.
465 3941 676 4003 Gaasshasqat.
768 3941 841 3988 τοῦτο
860 3940 968 3997 δυνάμεις
986 3942 1117 4001 εἰληφέναι,
1136 3939 1165 3989 δι’
1179 3941 1211 3989 ὤν
1228 3944 1260 3989 τὰ
1278 3944 1319 3990 ἐπὶ

216 4023 227 4055 ⁶
250 4024 303 4072 The
319 4024 430 4083 Osann„
443 4024 561 4082 Annum,
574 4023 624 4070 and
636 4022 717 4071 Voss.
769 4022 884 4071 κολάσεσι
901 4022 969 4081 πάθη
986 4024 1107 4084 προσόντα
1123 4024 1173 4073 reis
1190 4024 1321 4085 ἀνθρώποις

167 4106 243 4155 MSS.
263 4106 326 4153 have
340 4105 391 4153 this
406 4104 515 4167 reading,
533 4103 583 4152 aad
598 4104 618 4151 it
634 4120 719 4167 agrees
768 4104 873 4161 donadeis
882 4106 979 4164 πρᾶξαι
989 4104 1034 4152 ΕΡ.
1043 4116 1128 4153 nvn.
1137 4118 1158 4153 a.
1169 4104 1321 4154 Valentinus

166 4188 226 4236 with
239 4187 351 4237 Hieron.
387 4184 716 4249 GnaasprintsadDeum.
767 4184 894 4247 similarly,
908 4186 1020 4245 ὁΣωτὴρ
1031 4182 1092 4243 ἦλθε
1102 4184 1278 4247 διορθώσασθαι
1288 4188 1321 4235 το

215 4267 224 4299 ¹
241 4269 402 4317 Tasouoasr
419 4268 471 4317 also
484 4268 554 4330 gives
565 4268 665 4331 exaetly
675 4268 718 4316 the
768 4267 851 4324 πλήθη
863 4265 889 4329 [l.
903 4264 981 4330 τάθη]
993 4268 1037 4324 τῆς
1049 4268 1136 4327 ψυχῆς.
1160 4266 1272 4315 Ptttvr.
1280 4265 1319 4327 36.

166 4349 323 4413 Hippolytae
347 4356 402 4399 text
423 4355 450 4398 at
467 4350 509 4399 the
531 4348 673 4396 conclusion
693 4348 721 4397 el
816 4346 896 4396 ‘The
906 4348 1049 4396 Cnsnnou'r
1061 4347 1119 4395 MS.
1130 4348 1204 4395 omits
1214 4362 1244 4396 οε,
1269 4348 1322 4397 The

165 4432 215 4479 this
227 4437 351 4482 sentence.
385 4431 463 4481 M.
478 4443 498 4479 1.
511 4442 535 4491 5.
767 4430 874 4477 Annae.
887 4445 948 4485 ιιοε,·
962 4429 1036 4477 while
1047 4429 1090 4477 the
1101 4428 1216 4492 readings
1233 4444 1279 4478 me
1295 4430 1321 4478 in

214 4513 225 4543 ⁹
249 4515 380 4563 secundum
402 4511 501 4575 alr'quid
525 4514 653 4574 represent
675 4511 717 4560 the
767 4512 810 4561 the
823 4511 882 4560 Cod.
897 4512 988 4569 Voss,
1007 4511 1056 4559 and
1075 4509 1142 4570 αὐτῷ
1162 4512 1223 4559 εἶναι
1236 4512 1263 4560 in
1278 4513 1321 4561 the

165 4594 288 4644 intensive
302 4596 383 4644 words
399 4596 425 4643 in
442 4596 485 4643 the
504 4592 594 4651 Greek,
616 4594 656 4641 sal
671 4594 715 4652 ἔτι,
767 4592 859 4651 Greek,
873 4590 1017 4655 cenjoiutly,
1033 4590 1141 4641 indicate
1152 4606 1175 4640 κ
1185 4588 1239 4642 aas.
