3225 5184
603 408 650 458 nn
678 405 839 459 nummu.
1229 386 1294 455 277

139 556 172 621 in
195 558 335 644 utrisque
358 560 545 627 exorbitant.
593 560 789 647 Impossibile
812 568 862 626 est
887 562 970 625 enlm
994 582 1128 626 ennoean
1154 560 1295 646 alicujus,
1310 575 1460 661 mapsa.

138 666 194 723 aut
222 660 380 725 silentium
402 664 569 748 separatim
598 662 739 750 intelligi,
767 670 800 728 et
829 673 920 728 extra
949 685 1020 728 eum
1050 663 1198 727 emissum
1225 684 1296 747 pro·
1320 668 1452 755 ffigffilf

138 762 238 848 priam
254 764 369 830 habere
390 766 619 852 figurationem.
665 766 699 831 Si
723 776 829 831 autem
849 788 913 832 non
933 767 1039 831 dicent
1059 787 1129 831 esse
1149 766 1295 831 emissam
1309 762 1459 845 ‘2¹¹2-

138 864 237 929 illam·
255 879 354 946 extra,
385 870 440 935 sed
471 870 641 935 adunatam
672 869 849 956 Propatori,
880 878 917 935 ut
953 870 1028 956 quid
1063 892 1135 936 cum
1169 870 1295 956 reliquia

140 969 297 1035 AEonibus
311 981 516 1039 annumerant
530 994 611 1049 eam,
633 971 683 1036 his
704 972 757 1059 qui
778 994 842 1036 non
863 982 938 1037 suut
959 974 1097 1050 adunati,
1121 983 1154 1038 et
1168 981 1295 1059 propter

138 1070 198 1136 hoc
220 1071 364 1159 ignorant
384 1076 631 1163 magnitudinem
651 1076 739 1162 ejust
784 1074 819 1141 Si
841 1083 947 1139 autem
968 1084 1002 1140 et
1023 1076 1112 1140 uuita
1126 1084 1185 1153 est,
1204 1080 1295 1162 (cou-

138 1173 309 1239 sideremns
323 1186 356 1242 et
370 1176 457 1262 hoc,)
481 1177 652 1243 nenessitas
671 1186 719 1241 est
741 1176 843 1242 omnis
856 1177 897 1241 ab
911 1176 1000 1241 unita
1021 1178 1239 1265 conjugatione
1260 1186 1295 1244 et

139 1275 335 1363 inseparabili
357 1288 390 1345 et
412 1302 509 1344 unum
530 1280 701 1345 exsistente
719 1279 929 1357 indiscretam,
945 1288 979 1345 et
997 1280 1117 1344 unitam
1139 1303 1208 1345 eam
1224 1303 1294 1367 quae

138 1399 179 1442 ex
207 1400 245 1444 ea
273 1388 333 1459 est,
364 1381 562 1447 emissionem
590 1382 668 1461 lieri,
699 1390 735 1447 ut
765 1403 829 1447 nou
851 1382 1009 1447 dissimilis
1036 1382 1078 1447 sit
1106 1384 1147 1447 ab
1175 1405 1214 1448 eo
1240 1383 1294 1469 qui

138 1482 250 1552 emisit.
296 1484 370 1550 Hoc
383 1492 489 1551 autem
511 1484 557 1549 sic
578 1506 613 1551 se
631 1486 776 1561 habente,
796 1507 893 1549 unum
915 1493 949 1549 et
969 1485 1052 1549 idem
1066 1486 1130 1562 fiet,
1146 1486 1294 1573 quemad-

137 1585 264 1650 modum
279 1587 402 1672 Bythus
416 1595 449 1653 et
464 1586 549 1675 Sige,
564 1587 659 1653 sicet
674 1588 743 1654 Nus
758 1595 790 1653 et
805 1587 945 1665 Alethia,
961 1609 1083 1673 semper
1099 1588 1295 1653 adhaerentes

137 1687 284 1753 invicem:
308 1697 341 1754 et
355 1691 438 1776 quod
449 1713 512 1756 non
526 1691 625 1777 possit
646 1691 778 1755 altemm
793 1690 861 1755 sine
880 1690 978 1756 altero
992 1690 1132 1777 intelligi,
1146 1691 1294 1777 quemad·

138 1790 265 1855 modum
287 1813 387 1878 neque
408 1814 490 1879 aqua
510 1792 577 1858 sine
600 1793 841 1870 humectatione,
865 1814 965 1879 neque
987 1793 1070 1879 ignis
1089 1794 1158 1857 sine
1179 1791 1293 1871 calore,

139 1913 240 1979 neque
271 1894 351 1980 lapis
383 1896 452 1961 sine
493 1895 616 1974 duritia,
648 1895 738 1961 unita
772 1904 846 1961 sunt
877 1896 962 1961 enim
993 1896 1125 1961 invicem
1155 1896 1239 1973 haec,
1261 1903 1295 1961 et

138 1994 269 2060 altemm
278 1999 319 2062 ab
336 1998 434 2064 altero
457 1999 593 2084 separari
613 2020 675 2064 nou
691 2007 804 2084 potest,
827 2000 883 2064 sed
901 2021 1024 2084 semper
1045 1999 1233 2065 coexsistens
1254 1999 1292 2063 ei.

140 2097 192 2163 Sic
207 2108 240 2165 et
255 2100 393 2187 Bythum
407 2124 479 2167 cum
502 2101 626 2167 Ennoea
646 2102 811 2167 adunitnm
832 2124 901 2167 esse
923 2110 1055 2188 oportet,
1079 2111 1112 2166 et
1132 2101 1206 2165 Nun
1222 2124 1293 2167 cum

55 2247 61 2259 .
86 2236 87 2240 =
107 2247 113 2258 .
138 2201 268 2267 Alethia
282 2205 391 2269 eodem
406 2206 509 2270 modo.
556 2206 677 2271 Rursus
691 2214 724 2269 et
741 2205 846 2293 Logos
868 2213 901 2270 et
922 2206 990 2270 Zoe
1011 2206 1051 2269 ab
1066 2204 1162 2268 unitis
1177 2205 1293 2284 emissi,

137 2307 243 2373 unitos
269 2330 347 2386 esse,
374 2317 406 2373 et
426 2330 523 2373 unum
547 2330 616 2375 esse
643 2310 767 2375 debent.
814 2309 991 2374 Secundum
1020 2309 1089 2374 haec
1114 2318 1230 2386 autem,
1261 2317 1295 2374 et

140 2409 248 2475 Homo
262 2419 296 2476 et
311 2410 465 2490 Ecclesia,
484 2421 516 2478 et
531 2414 675 2478 universa
695 2413 883 2499 reliquorum
898 2414 1043 2477 AEonum
1065 2413 1294 2499 conjugationis

137 2514 271 2590 emissio,
287 2515 375 2579 unita
394 2538 462 2581 esse
484 2518 586 2594 debet,
607 2526 640 2581 et
659 2538 781 2602 semper
802 2517 990 2582 coexsistere
1012 2515 1143 2579 alterum
1169 2516 1294 2581 ¹altero.

141 2615 318 2680 Foeminam
332 2618 414 2681 enim
431 2618 574 2681 AEonum
589 2618 705 2703 pariter
723 2638 792 2681 esse
807 2626 929 2702 oportet
944 2638 1016 2681 cum
1032 2616 1168 2680 masculo
1183 2637 1295 2681 secun-

139 2718 213 2782 dum
228 2740 291 2795 eos,
308 2741 379 2784 cnm
393 2720 436 2785 sit
450 2720 532 2784 velut
548 2720 671 2784 affectio
686 2721 764 2805 ejus.

206 2824 236 2885 2.
282 2821 327 2885 Et
340 2822 409 2886 haec
424 2844 495 2885 cum
509 2820 555 2887 ita
568 2843 603 2887 se
617 2821 763 2900 habeant,
777 2828 810 2885 et
826 2843 897 2886 cnm
912 2821 980 2886 haec
996 2820 1138 2885 dicantur
1152 2823 1192 2885 ab
1208 2823 1293 2907 ipsis,

138 2945 245 2989 rursus
263 2923 456 3010 impudorate
482 2926 598 2989 audent
621 2924 741 3001 docere,
760 2924 918 3010 juniorem
939 2924 1127 2989 duodecadis
1141 2926 1293 3008 AEonem,

139 3048 230 3112 quem
258 3037 291 3091 et
315 3026 464 3113 Sophiam
492 3026 659 3113 appellant,
690 3025 758 3090 sine
782 3025 989 3111 permixtione
1017 3026 1171 3113 conjugis,
1202 3049 1294 3115 quem

140 3129 305 3196 Theletum
327 3137 449 3207 vocant,
472 3150 596 3215 passam
618 3151 686 3193 esse
708 3130 895 3213 passionem,
922 3138 954 3193 et
977 3130 1143 3215 separatim
1166 3130 1234 3195 sine
1256 3151 1294 3195 eo

138 3233 273 3299 l'ructum
299 3253 475 3319 generasse,
502 3253 594 3319 quem
621 3241 653 3296 et
682 3231 843 3297 foeminam
865 3254 885 3295 a
908 3232 1037 3295 loemina
1061 3230 1233 3307 nonunant,
1260 3231 1295 3296 iu

138 3342 262 3399 tantum
278 3334 442 3399 dementire
461 3334 615 3421 progressi
632 3334 676 3398 ita
691 3342 726 3398 nt
748 3333 999 3400 manifestissime
1021 3333 1099 3396 duas
1123 3332 1294 3397 contrariae

139 3437 178 3503 de
192 3438 300 3503 eodem
316 3438 487 3503 sententias
502 3445 659 3503 censeant.
706 3435 740 3499 Si
755 3436 837 3500 enim
855 3436 977 3520 Bythos
996 3435 1144 3499 adnuitus
1159 3443 1207 3500 est
1222 3457 1294 3499 eum

141 3541 224 3628 Siga,
241 3550 273 3606 et
290 3542 360 3606 Nus
372 3564 442 3606 cum
460 3541 598 3619 Alethia,
614 3550 646 3605 et
664 3540 769 3627 Logos
783 3562 855 3604 cum
872 3541 948 3616 Zoe,
964 3548 997 3603 et
1011 3538 1118 3625 reliqui
1135 3538 1292 3625 deinceps,

139 3645 400 3726 quemadmodum
426 3652 548 3731 poterat
581 3644 698 3729 Sophia
723 3644 790 3708 sine
820 3642 963 3729 conjugis
996 3641 1196 3729 perplexione
1227 3641 1293 3727 pati

137 3749 264 3836 aliquid,
279 3749 325 3815 vel
340 3751 509 3836 generaret
546 3747 579 3812 Si
594 3756 700 3813 autem
714 3747 781 3812 haec
796 3746 880 3811 ²sine
898 3745 950 3811 illo
970 3767 1063 3832 passa
1085 3754 1144 3824 est,
1166 3766 1293 3810 necesse

138 3860 243 3918 estet
271 3852 405 3940 reliquas
435 3850 670 3938 conjugationes
694 3850 925 3915 abscessionem
953 3857 986 3914 et
1015 3848 1244 3933 separationem
1272 3869 1293 3911 a

137 3956 313 4041 semetipsis
341 3955 499 4042 accipere:
539 3953 623 4041 quod
658 3962 707 4018 est
740 3950 938 4038 impossibile,
968 3950 1050 4015 sicut
1081 3950 1289 4036 praediximus.

140 4056 336 4145 Impossibile
358 4066 407 4124 est
428 4080 504 4145 ergo
525 4066 558 4122 et
584 4055 732 4142 Sophiam
755 4076 880 4141 passam
906 4075 975 4119 ease
996 4052 1063 4117 aine
1087 4052 1235 4118 Theleto:
1260 4060 1293 4117 et

137 4163 241 4233 solutu
254 4172 303 4231 est
318 4162 454 4249 ipsorum
469 4182 576 4227 mrsus
589 4159 690 4226 omnis
704 4155 944 4245 argumentatio.

187 4361 276 4411 ¹Nun
293 4361 314 4411 is
331 4360 447 4410 included
461 4358 549 4407 within
565 4356 688 4417 brachata,
740 4353 804 4418 sibly
813 4353 856 4402 the
864 4352 998 4401 translator
1008 4366 1067 4415 may
1077 4351 1142 4399 bave
1152 4349 1252 4397 written
1263 4350 1291 4410 it,

138 4460 166 4495 u
193 4444 288 4507 having
314 4443 377 4491 been
399 4438 512 4505 supplied
538 4437 687 4501 arbitrarily,
740 4438 835 4500 having
851 4435 910 4485 read
926 4437 1007 4499 ἕτερον
1022 4433 1078 4496 παρ’
1089 4434 1178 4495 ἐτέρου,
1197 4432 1294 4481 instead

138 4526 235 4590 though
246 4525 275 4573 of
283 4524 414 4587 nmessity,
427 4524 462 4587 by
473 4521 689 4571 Fuuaanmlns.
740 4522 770 4571 cl
777 4520 821 4570 tbe
832 4519 980 4568 accusative.

187 4608 196 4639 ¹
213 4608 267 4657 ’Ibe
278 4606 379 4657 Omen.
391 4604 450 4655 MS.
462 4604 552 4653 inserta
564 4602 602 4653 ao.
631 4602 690 4652 Poe·
790 4601 803 4634 ¹
819 4602 863 4652 On.
875 4602 927 4652 rinc
937 4601 989 4651 ullo
999 4600 1107 4664 perhaps
1118 4602 1173 4648 exeo
1183 4615 1253 4649 ruer.

241 4714 314 4761 von.
333 4716 353 4759 1.
1148 4686 1193 4751 18
