3225 5184
291 386 332 447 l2
743 396 989 449 Telecon'rss.

138 590 191 677 pp
195 590 240 677 1¹3¹·
246 590 267 674 l1
290 561 393 629 τοῦτο
424 555 484 628 τὸν
516 558 658 656 Σωτῆρα
691 558 851 649 λέγουσιν
884 554 976 657 (oddd
1008 554 1075 656 γάρ
1113 556 1240 655 Κύριον
1273 554 1446 659 ὀνομάζειν

126 684 276 767 Q
290 668 391 742 αὑτὸν
422 670 574 766 θελουσι)
616 667 799 768 τριάκοντα
836 671 927 740 ἔτεσι
964 668 1050 741 κατὰ
1087 668 1130 741 τά
1166 669 1311 768 φανεράν
1346 667 1445 753 μηθὲν

291 783 510 867 πεποιηκέναι,
536 780 755 854 ἐπιδεικνύντα
782 780 826 854 τῦ
850 786 1035 881 μυστήριον
1060 782 1188 854 τούτων
1209 788 1275 854 τῶν
1300 782 1444 853 Αἵιύνων.

288 892 406 965 Ἀλλά
432 895 485 966 καὶ
515 895 569 965 ἐπὶ
597 903 655 977 τῆς
680 896 880 991 παραβολῆς
905 900 971 967 τῶν
993 896 1036 972 εἷς
1064 893 1127 966 τάν
1155 896 1334 977 ἀμπελῶνα
1362 927 1446 979 πεμ-

290 1007 438 1091 πομένων
462 1008 613 1107 ἐργατῶν
637 1007 725 1106 φασὶ
748 1008 974 1106 φανερώτατα
998 1006 1075 1084 τοῦς
1100 1005 1283 1105 τριάκοντα
1306 1010 1448 1085 τούτους

289 1119 419 1197 Altinae
455 1120 666 1204 μεμηνύσθαι·
716 1121 907 1202 πέμπονται
948 1117 1017 1219 γάρ
1051 1123 1084 1190 αι’
1114 1119 1174 1203 μὲν
1202 1121 1279 1220 περὶ
1309 1123 1444 1218 πρώτην

290 1230 385 1330 ὥραν,
405 1236 438 1303 αι’
457 1230 493 1302 dd
512 1232 587 1331 περὶ
610 1232 736 1330 τρίτην,
764 1236 798 1302 αι’
820 1229 855 1302 dd
877 1232 953 1331 περὶ
980 1233 1084 1317 ἕκτην,
1106 1236 1140 1303 οἱ
1162 1230 1197 1303 dd
1219 1232 1295 1332 περὶ
1318 1230 1442 1317 ἐνάτην,

291 1343 391 1416 ἄλλοι
430 1343 465 1415 dd
491 1345 567 1444 περὶ
595 1341 775 1426 ἑνδεκάτην·
819 1345 1043 1427 συντιθέμενοι
1072 1342 1126 1415 οῦν
1151 1349 1188 1416 αι’
1215 1346 1442 1444 προειρημέναι

290 1456 371 1556 εῦραι
401 1460 444 1533 eis
475 1455 601 1541 ἑαυτάς,
632 1455 693 1528 τὸν
724 1461 791 1528 τῶν
819 1455 1002 1557 τριάκοντα
1030 1456 1171 1556 άριθμὸν
1205 1458 1443 1555 ἀναπληροῦσι·

290 1569 350 1652 μιά
377 1567 455 1668 γάρ,
481 1570 534 1640 καὶ
563 1579 661 1668 τρεῖς,
690 1570 744 1640 καὶ
772 1566 821 1663 ἓξ,
849 1569 902 1641 καὶ
929 1570 1025 1653 ε’ννέα,
1051 1570 1105 1640 καὶ
1124 1569 1242 1654 ἕνδεκα,
1263 1568 1445 1668 τριάκοντα

294 1682 456 1773 γίνονται·
504 1679 556 1753 διὰ
580 1679 615 1752 δὲ
639 1687 705 1753 τῶν
728 1684 818 1780 ὡρῶν
833 1682 910 1759 τούς
927 1682 1057 1759 Alcinoo
1075 1684 1277 1767 μεμηνῦσθαι
1298 1684 1445 1754 θέλουσι.

290 1795 361 1864 Καὶ
377 1794 483 1869 Ιταῦτ’
520 1793 598 1867 εἶναι
631 1792 675 1866 τά
709 1792 846 1887 μεγάλα
877 1796 931 1866 καὶ
964 1793 1143 1878 θαυμαστά
1177 1796 1232 1866 καὶ
1267 1797 1448 1893 ιἰπύῤῥητα

291 1984 428 2049 decada:
454 1991 488 2049 et
508 1991 642 2069 propter
657 1983 716 2048 hoc
734 1984 932 2049 Salvatorem
948 1984 1058 2050 dicunt
1083 1980 1155 2063 (nec
1172 1982 1257 2049 enim
1273 1982 1446 2048 Dominum

127 2099 254 2140 tue-istas
292 2104 364 2147 eum
381 2083 544 2148 nominare
560 2084 685 2172 volunt)
703 2083 839 2170 triginta
857 2084 963 2149 ¹annis
985 2085 1017 2147 in
1035 2084 1203 2151 manifesto
1223 2083 1301 2149 nihil
1324 2082 1445 2159 fecisse,

129 2187 261 2227 “ssiu-⁹·
292 2182 514 2247 ostendentem
538 2183 724 2269 mysterium
750 2183 863 2247 horum
890 2184 1042 2247 AEonum.
1094 2184 1215 2249 Sedet
1240 2182 1446 2268 inparabola

292 2304 402 2347 eorum
427 2282 653 2367 operariorum,
675 2283 729 2367 qui
755 2282 787 2346 in
805 2282 929 2347 vineam
954 2283 1140 2363 mittuntur,
1166 2284 1277 2348 dicunt
1300 2281 1445 2346 manifes-

292 2381 412 2447 tissime
438 2381 572 2468 triginta
599 2383 656 2447 hos
681 2382 804 2447 AEonas
831 2382 1018 2447 declaratos.
1070 2383 1250 2448 Mittuntur
1278 2382 1361 2446 euim
1391 2381 1445 2445 alii

293 2482 421 2566 quidem
438 2480 522 2547 circa
538 2481 672 2567 primam
689 2483 811 2557 horam,
824 2483 877 2547 alii
892 2482 977 2547 circa
994 2482 1133 2558 tertiam,
1147 2483 1200 2547 alii
1211 2484 1295 2547 circa
1309 2489 1444 2556 sextam,

292 2581 345 2645 alii
366 2581 593 2658 sumnonem,
611 2582 664 2646 alii
681 2582 765 2646 circa
781 2583 991 2647 undecimam.
1042 2582 1234 2668 composite
1252 2582 1350 2668 igitur
1366 2602 1446 2666 prae·

293 2681 387 2747 dictes
410 2682 497 2746 horre
520 2682 552 2744 in
578 2682 773 2767 semetipsas,
792 2682 928 2768 'triginta
953 2703 1119 2746 numerum
1142 2681 1326 2766 adimplent.
1370 2680 1447 2745 Una

292 2781 388 2858 enim,
408 2788 441 2845 et
459 2790 535 2855 tres,
555 2790 589 2845 et
604 2804 670 2855 sex,
689 2789 723 2846 et
740 2803 862 2856 novem,
882 2790 915 2846 ct
933 2781 1090 2856 undecim,
1108 2781 1243 2867 triginta
1259 2781 1350 2845 fiunt.
1384 2782 1447 2844 Per

292 2880 387 2943 horas
404 2887 511 2945 autem
533 2880 654 2969 AEonas
670 2880 866 2945 manifestari
883 2882 1016 2946 volunt:
1040 2890 1074 2945 et
1099 2882 1166 2945 haeo
1190 2902 1258 2944 esse
1279 2901 1395 2965 magna
1412 2886 1446 2945 et

292 2978 491 3043 admirabilia
518 2990 552 3043 et
579 2980 765 3045 abscondita
790 2982 950 3066 mysteria,
980 3004 1050 3065 quoe
1078 2981 1137 3067 ipsi
1164 2979 1377 3045 fructificant:
1412 2985 1447 3043 et

291 3147 425 3211 according
442 3152 468 3196 to
486 3148 529 3195 the
551 3152 655 3197 western
678 3152 769 3213 system
778 3165 785 3209 ;
802 3150 846 3199 the
894 3152 952 3200 that
968 3152 1074 3216 Bythue,
1094 3153 1177 3200 whom
1194 3152 1238 3199 she
1259 3149 1380 3210 imitated,
1397 3165 1447 3198 was

292 3227 398 3276 oriented
419 3228 516 3276 scheme
538 3228 644 3277 referred
661 3231 704 3278 the
723 3230 799 3279 deced
819 3236 846 3279 to
896 3231 938 3278 the
949 3232 1000 3279 sole
1011 3246 1097 3278 source
1113 3230 1177 3278 from
1193 3230 1294 3278 whence
1308 3228 1381 3277 Nous
1398 3227 1448 3277 aud

293 3308 366 3357 Nous
377 3308 428 3357 and
444 3308 554 3369 Alethia,
568 3311 618 3359 end
635 3311 678 3359 the
693 3310 803 3359 dodecad
819 3318 847 3360 to
896 3311 999 3359 Alethia
1009 3309 1148 3359 emaneted.
1170 3310 1223 3358 'lhe
1233 3315 1298 3358 term
1309 3308 1369 3367 also,
1385 3309 1450 3370 θρῤε·

294 3390 377 3455 Logos
399 3391 449 3439 aud
471 3391 529 3441 Zoe.
575 3392 723 3441 Valentinus
749 3394 850 3442 himself
897 3392 1445 3457 videtvr,soconstantlyappliedtoBythus,

293 3489 372 3523 seems
388 3478 416 3521 to
434 3474 498 3523 have
515 3474 657 3523 considered
675 3476 773 3539 Bythos
790 3492 819 3525 as
832 3491 848 3524 a
896 3476 1017 3524 indicates
1024 3476 1067 3523 the
1078 3490 1146 3523 same
1156 3476 1250 3523 notion.
1281 3473 1414 3532 Ismarus,
1428 3474 1450 3520 it

293 3554 392 3613 mousd,
402 3555 452 3602 end
462 3554 519 3617 Sige
530 3571 546 3603 a
556 3570 622 3603 ruere
633 3557 774 3621 nonentity.
793 3557 848 3605 The
897 3557 986 3605 should
997 3557 1027 3605 he
1037 3557 1211 3615 remembered‚
1224 3557 1246 3604 is
1257 3556 1396 3618 exhibiting
1406 3554 1449 3602 the

294 3639 344 3681 two
362 3634 425 3682 later
443 3634 531 3695 AEons,
552 3635 635 3683 Christ
652 3636 701 3683 and
718 3638 761 3685 the
778 3638 849 3701 Holy
897 3638 961 3685 later
977 3643 1071 3702 system
1088 3639 1117 3687 ol
1130 3639 1172 3687 the
1187 3638 1349 3687 Valentinisu
1367 3635 1449 3685 Ptole·

295 3714 381 3777 Spiris,
389 3713 471 3762 would
482 3715 543 3761 then
554 3716 675 3779 complete
684 3718 726 3766 the
735 3718 850 3781 mystical
899 3734 984 3768 rnaeue.
1019 3720 1190 3769 leronrrus
1200 3720 1340 3783 describing
1350 3719 1392 3767 the
1403 3718 1449 3766 ori-

294 3796 400 3847 number
410 3807 474 3844 xxx.
499 3795 654 3861 Hippolytus
664 3814 729 3862 says,
742 3802 850 3861 γίνονται
899 3802 968 3865 gimel
998 3803 1095 3851 scheme
1122 3803 1151 3850 of
1178 3802 1356 3850 vitumnus
1383 3815 1447 3864 says,

295 3875 424 3936 τριάκοντα
440 3875 521 3924 αἰῶνες
538 3877 601 3934 μετὰ
620 3878 663 3924 τοῦ
686 3880 792 3940 Χριστοῦ
809 3882 850 3928 καὶ
900 3884 1005 3942 ἠθέλησε
1030 3885 1182 3942 μιμήσασθαι
1209 3885 1251 3931 τὸν
1273 3884 1380 3944 Πατέρα,
1411 3882 1451 3930 καλ

294 3958 339 4004 τοῦ
356 3957 443 4017 ’Δγὶου
465 3957 611 4017 Πνεύματοι,
636 3958 729 4010 Philas.
752 3972 788 4009 vl.
806 3975 846 4022 31.
900 3964 1014 4022 oyem
1031 3963 1084 4010 καθ’
1101 3964 1189 4022 ἑαυτὴν
1203 3963 1261 4023 δίχα
1277 3965 1321 4012 τοῦ
1337 3965 1448 4024 συζύγου,

296 4038 349 4087 But
363 4039 394 4087 he
411 4038 527 4102 proceeds
546 4044 573 4088 to
588 4056 633 4104 say
644 4042 701 4089 thst
718 4042 801 4111 others
813 4042 849 4090 in·
900 4045 939 4091 ῐνα
948 4047 1022 4103 μηδὲν
1033 4044 1125 4107 filmer
1132 4044 1452 4107 ύσοθεέστεροντοῦΠατρὸι

295 4116 441 4180 corporatcd
453 4116 552 4179 Bythus
563 4117 613 4166 and
626 4119 690 4182 Sige,
699 4120 744 4167 i.e.
753 4120 796 4168 the
804 4119 849 4167 fol·
901 4128 1052 4187 εἰργασμένη,
1068 4129 1189 4188 ἀγνοοῦσα
1199 4130 1237 4177 dn
1248 4129 1261 4177 d
1271 4130 1315 4187 μὲν
1325 4128 1452 4187 ἀγέννητοι

294 4198 666 4249 lowersol'Vslentinusdidso.
689 4202 753 4251 Τινὲς
762 4203 788 4249 δὲ
796 4218 849 4249 συν·
902 4208 1016 4269 ὑπάρχων
1034 4210 1099 4270 ἀρχὴ
1120 4210 1169 4256 τῶν
1190 4211 1252 4258 ὅλων
1269 4211 1309 4257 καὶ
1330 4209 1389 4270 ῥίζα,
1412 4208 1452 4255 rel

298 4280 413 4340 υπάρχειν
424 4281 459 4340 τῷ
475 4282 554 4342 Πατρὶ
566 4283 597 4331 εἰς
607 4283 656 4341 ’γῆν
666 4280 695 4345 (l.
710 4284 754 4341 τὴν
764 4282 849 4346 σιγὴν)
900 4286 981 4348 βάθος,
1003 4289 1042 4335 ecl
1056 4290 1136 4349 βυθὸς,
1154 4290 1258 4337 δυνατῶς
1273 4290 1324 4347 ἔχει
1338 4288 1453 4349 γεννῆσαι

297 4360 338 4409 καὶ
348 4360 392 4408 σὺν
403 4362 482 4410 αὐτοῖς
493 4362 691 4423 καταριθμεῖσθαι
699 4364 850 4414 reonaldum
900 4368 977 4425 μόνον.
1012 4368 1152 4431 Ρλιῖοιορλ.
1165 4382 1201 4418 vr.
1216 4383 1255 4431 30.

298 4440 414 4491 θέλουσα.
432 4440 484 4490 'l'he
495 4443 567 4505 myth
578 4444 635 4491 that
644 4444 736 4507 Sophia
746 4445 851 4493 evolved
950 4448 958 4479 ¹
970 4450 1057 4509 Αποίι,
1072 4467 1099 4499 ss
1111 4452 1227 4515 agreeing
1237 4450 1326 4513 closely
1337 4450 1398 4499 with
1408 4451 1453 4500 the

298 4521 458 4585 Enthymesis
474 4522 667 4589 independently
679 4526 708 4573 of
725 4526 769 4574 her
783 4529 851 4585 σύζυ·
901 4528 982 4576 Greek
989 4530 1453 4595 textismorelikelytobetheorigiual

297 4620 347 4664 yos,
372 4620 456 4668 agrees
475 4607 530 4654 well
550 4607 610 4655 with
630 4608 673 4656 the
695 4608 850 4672 supposition
900 4611 968 4659 word
979 4612 1040 4661 then
1051 4612 1170 4662 Annoeof
1178 4614 1222 4663 the
1237 4614 1335 4665 Arnnd.
1348 4614 1406 4665 MS.
