3225 5184
297 408 364 478 376
656 423 734 477 uon
761 423 803 475 1n
830 421 955 476 sunu
981 421 1108 474 vrrasr

166 597 218 638 mn
227 597 256 638 11.
297 575 571 656 incantationibus,
601 597 659 643 nec
683 574 802 662 reliqua
824 596 919 662 prava
947 572 1149 650 curiositate3
1187 572 1244 638 sed
1275 568 1391 635 munde
1423 576 1459 634 et

142 644 276 776 qffgglffil
299 701 375 767 pure
393 688 427 746 et
449 680 612 746 manifeste
634 681 791 746 orationes
810 679 998 767 ¹dirigentes
1023 675 1191 766 [dirigens]
1213 675 1254 740 ad
1270 673 1456 751 Dominum,

134 783 281 864 ffl-
299 782 353 871 qui
374 783 479 849 omnis
500 783 584 862 fecit,
606 792 640 849 et
663 805 777 868 nomen
791 781 920 849 Domini
943 781 1041 848 nostri
1060 780 1142 845 Jesu
1157 776 1274 844 Christi
1295 776 1456 854 invocans,

299 887 431 954 virtutes
447 888 632 953 'seeundum
656 887 809 952 utilitates
830 886 1001 962 hominum,
1024 885 1079 949 sed
1097 905 1161 948 non
1182 882 1223 948 ad
1239 879 1457 946 seductionem

299 991 440 1076 perfecit.
486 991 520 1055 Si
542 991 647 1078 itaque
668 998 701 1056 et
723 1011 808 1055 nunc
824 1012 938 1055 nomen
960 987 1090 1054 Domini
1111 985 1210 1052 nostri
1233 985 1316 1048 Jesu
1337 981 1455 1047 Ohristi

298 1093 449 1158 beneficia
477 1101 617 1180 praestat,
647 1101 679 1159 et
708 1099 797 1158 curat
826 1091 1002 1156 firmissime
1035 1100 1068 1154 et
1097 1110 1169 1154 vere
1197 1107 1307 1152 omnes
1337 1085 1456 1168 ubique

300 1195 463 1260 credentes
491 1194 523 1259 in
549 1217 632 1274 eum,
662 1195 716 1260 sed
746 1217 810 1259 non
837 1193 983 1273 Simonis,
1013 1213 1114 1279 neque
1146 1188 1323 1266 Menandri,
1352 1207 1456 1273 neque

301 1295 509 1384 carpocratis,
529 1319 588 1363 nec
613 1297 740 1362 alterius
760 1299 982 1383 cujuscunque,
1004 1293 1202 1359 manifestum
1223 1299 1283 1370 est,
1307 1289 1456 1376 quoniam

299 1400 393 1466 homo
409 1401 521 1481 lactus,
536 1408 735 1467 conversatus
750 1409 799 1465 est
820 1422 892 1466 cum
906 1420 964 1464 suo
978 1399 1141 1486 plasmate,
1157 1397 1245 1460 ³vere
1259 1393 1365 1460 omnia
1378 1393 1456 1459 fecit

299 1527 341 1570 ex
355 1505 469 1571 virtute
483 1503 555 1584 Dei,
570 1505 741 1570 seeundum
756 1504 904 1592 placitum
926 1503 1033 1568 Patris
1055 1501 1277 1578 universorum,
1298 1497 1457 1584 quomodo

300 1609 460 1695 prophetes
474 1608 695 1694 praedixerunt.
746 1609 825 1690 Quae
839 1617 945 1674 autem
966 1614 1056 1672 erant
1070 1607 1150 1687 haec,
1165 1605 1198 1670 in
1215 1604 1267 1670 his
1290 1624 1361 1690 quae
1379 1610 1458 1668 sunt

299 1737 340 1781 ex
355 1713 547 1801 propheticis
560 1713 790 1781 ostensionibus
804 1714 1021 1780 narrabuntur.

799 1943 901 2010 OAP.
925 1943 964 2010 L.

352 2080 514 2158 Ostensio
532 2081 628 2181 qood
644 2109 717 2157 aon
733 2093 920 2157 transeant
937 2080 1072 2158 anime
1087 2079 1130 2155 ia
1146 2079 1226 2154 clia
1242 2105 1410 2178 corpora.

301 2232 355 2296 Du
387 2254 515 2320 corpore
546 2240 653 2298 autern
685 2231 717 2295 in
744 2253 857 2317 corpus
885 2230 1192 2318 transmigrationem
1218 2229 1358 2316 ipsorum
1380 2230 1454 2294 sub
1469 2254 1550 2296 ure.
1607 2220 1608 2235 ¹

300 2342 457 2400 vertamus
479 2355 520 2400 ex
543 2356 590 2414 eo,
614 2334 696 2421 quod
726 2333 802 2398 nihil
826 2333 952 2398 omnino
981 2354 1088 2399 eorum
1109 2333 1196 2420 ‘quse
1224 2339 1300 2396 ante
1327 2331 1453 2410 fuerint,

299 2437 497 2503 meminerint
521 2437 644 2504 animae.
690 2435 724 2502 Si
744 2435 828 2502 enim
849 2437 890 2501 ob
910 2437 971 2502 hoc
988 2436 1221 2513 emittebantur,
1243 2433 1289 2499 uti
1312 2434 1344 2497 in
1368 2434 1455 2499 omni

298 2541 411 2606 fierent
439 2540 627 2625 operatione,
661 2541 826 2624 oportebat
851 2561 907 2604 eas
934 2537 1113 2604 meminisse
1141 2559 1248 2602 eorum
1277 2559 1348 2624 qnae
1377 2545 1455 2602 ante

299 2643 383 2708 facta
405 2652 489 2721 sunt,
507 2643 554 2708 uti
576 2664 614 2708 ea
631 2663 701 2729 qum
716 2643 845 2708 deerant
867 2641 1082 2727 adimplerent,
1109 2648 1142 2705 et
1164 2663 1227 2704 non
1247 2640 1330 2705 cirea
1344 2639 1455 2705 eadem

298 2767 421 2830 semper
446 2746 621 2811 volutantes
645 2745 860 2824 continuatim,
891 2745 1106 2810 miserabiliter
1133 2742 1318 2809 laborarent.
1362 2741 1455 2808 ⁵Non

298 2849 382 2914 enim
396 2856 520 2934 poterat
538 2847 676 2933 corporis
694 2849 847 2914 admixtio
861 2849 894 2913 in
908 2856 1013 2914 totum
1027 2849 1202 2912 universam
1218 2848 1366 2931 ipsorum,
1381 2868 1454 2933 quae

297 2960 371 3018 ante
391 2952 499 3017 hahita
516 2959 615 3031 erant,
633 2952 817 3040 extinguere
833 2953 1014 3019 memoriam
1032 2961 1065 3020 et
1082 2951 1395 3038 contemplationem
1420 2959 1454 3016 et

297 3055 433 3121 maxime
461 3055 503 3121 ad
529 3057 589 3122 hoc
614 3057 784 3124 venientes.
830 3059 994 3141 Quomodo
1019 3059 1104 3124 enim
1129 3078 1212 3121 nunc
1239 3056 1389 3143 ‘soporati
1419 3063 1455 3120 et

297 3157 508 3245 requiescente
522 3181 660 3246 corpore,
676 3183 869 3249 quaecunque
883 3161 990 3227 anima
1003 3162 1072 3248 ipsa
1085 3159 1170 3246 apud
1189 3181 1224 3225 se
1242 3158 1337 3238 videt,
1364 3166 1398 3223 et
1420 3158 1454 3223 in

300 3331 395 3396 Quippe
410 3331 600 3404 irwoonts'onsbus
614 3330 739 3395 Anpclieis
751 3331 851 3396 opponit
948 3331 1066 3395 *Ἐχρῆν
1083 3334 1133 3395 γὰρ
1152 3331 1193 3382 nul
1210 3326 1296 3381 ethim
1313 3332 1375 3391 ἡμᾶς
1392 3333 1455 3381 dtas

297 3411 417 3462 orationes
429 3412 466 3462 ad
482 3411 617 3461 Dominum
631 3411 675 3475 pai
690 3411 849 3475 manserit,
899 3413 967 3475 ἦμεν,
981 3415 1002 3462 el
1012 3415 1125 3477 προῇμεν.
1144 3414 1226 3463 cm.
1239 3415 1288 3464 Aa
1298 3413 1349 3462 sa.
1358 3413 1403 3463 Pr.
1415 3427 1452 3476 η.

295 3499 317 3542 el
339 3491 511 3542 invocationem
526 3491 633 3542 nominis
651 3491 755 3540 Domini
774 3491 851 3540 nostri
948 3494 1034 3544 ⁸Non
1044 3494 1368 3559 enim-contemplationum
1391 3495 1455 3545 This

295 3573 355 3624 Iesu
368 3573 465 3636 Christi,
478 3573 550 3624 audo
564 3581 701 3623 smwtorum
715 3573 850 3637 spirituum
899 3593 1004 3641 passage
1018 3578 1040 3626 is
1054 3577 1203 3642 apparently
1214 3583 1260 3627 ont
1275 3578 1305 3627 of
1316 3579 1349 3626 its
1363 3593 1456 3643 proper

296 3654 558 3718 Deimentioaefootu.
578 3653 680 3705 (innan.
899 3658 977 3722 place,
989 3659 1041 3708 aud
1057 3659 1146 3709 should
1160 3659 1244 3708 follow
1254 3661 1298 3708 the
1310 3660 1454 3708 conclusion

345 3735 355 3768 ¹
372 3735 500 3798 dirigentes
510 3735 552 3796 ad,
565 3736 609 3784 the
620 3735 786 3798 tmerwllng
792 3751 849 3784 osn-
899 3740 928 3789 ol
940 3741 984 3790 the
997 3741 1106 3804 opening
1121 3739 1215 3806 period,
1234 3741 1387 3790 meminerint
1399 3740 1455 3790 arsi·

294 3821 341 3867 not
357 3817 467 3882 possibly
477 3817 508 3866 be
523 3816 652 3865 otherwise
666 3815 729 3864 than
740 3814 851 3878 didym
899 3837 951 3872 ma,
997 3822 1051 3871 The
1067 3828 1129 3871 next
1146 3822 1235 3882 words,
1252 3829 1274 3872 et
1295 3822 1401 3872 Mn
1418 3822 1456 3871 ad

294 3899 330 3948 ad
335 3919 346 3956 ,·
362 3899 458 3963 though
470 3901 599 3948 eddrlrovca
612 3900 644 3948 slr
654 3897 736 3962 might
746 3897 778 3947 be
789 3898 849 3947 read
898 3903 942 3953 hoe
956 3903 1078 3962 mimam,
1092 3903 1175 3967 might
1188 3903 1251 3952 then
1261 3903 1386 3952 basethis
1397 3919 1456 3952 con-

293 3997 321 4031 ss
334 3983 481 4030 attrectetur.
898 3985 1002 4036 nexion:
1022 3984 1054 4048 If
1061 3984 1099 4034 tlte
1108 3985 1174 4033 aab
1187 3985 1218 4048 of
1228 4001 1283 4034 men
1295 3983 1457 4048 nemrod

342 4061 354 4095 ¹
372 4061 471 4112 Onna.
490 4061 541 4110 and
552 4061 633 4112 Voss.
651 4061 785 4111 mandram
802 4061 849 4110 uti·
897 4073 921 4114 to
933 4064 975 4128 fill
987 4083 1023 4129 up
1037 4065 1075 4115 tle
1089 4082 1198 4116 mre
1210 4066 1241 4129 of
1251 4066 1314 4116 tlres'r
1326 4065 1397 4116 desds
1409 4083 1456 4115 ea·

294 4143 373 4194 litata
398 4143 433 4194 ad
459 4143 582 4204 militaus,
608 4143 637 4193 ol
661 4143 743 4192 which
771 4147 849 4192 tenna
898 4147 966 4208 done,
990 4148 1043 4211 they
1061 4155 1125 4196 must
1141 4147 1202 4197 hooc
1219 4163 1235 4196 u
1254 4147 1456 4210 ssessoryofoll

294 4225 389 4277 Gaas!
417 4227 506 4291 adopts
533 4226 577 4275 the
598 4225 661 4287 first,
692 4226 781 4277 Mssa.
805 4225 850 4275 the
894 4225 1009 4289 previous
1033 4225 1132 4286 aetem,
1151 4225 1204 4274 thet
1225 4225 1280 4288 tdey
1301 4225 1378 4288 night
1404 4225 1457 4273 ἀίο-

293 4307 393 4357 second.
897 4307 985 4370 dms
999 4306 1063 4357 their
1084 4323 1231 4370 amraper
1253 4313 1275 4356 et
1297 4306 1402 4356 raedae
1419 4307 1456 4356 od

342 4387 353 4422 ⁸
370 4389 466 4438 (ium
483 4403 600 4453 proposes
617 4391 644 4436 to
662 4386 748 4437 addet
765 4387 849 4435 before
897 4389 941 4439 lsor
957 4388 1079 4440 waiam.

292 4486 352 4531 vers,
367 4487 396 4519 or
406 4476 433 4520 to
445 4486 560 4535 expungo
571 4475 604 4518 est
612 4469 676 4518 after
684 4474 834 4518 conmoratus
838 4486 850 4525 ,·
947 4469 959 4502 ⁸
976 4471 1123 4521 irretisses
1140 4472 1181 4520 nal
1196 4471 1341 4531 κοιμωμένου
1351 4472 1396 4519 rori
1407 4473 1457 4522 csi-

293 4549 341 4599 but
356 4551 464 4614 perhaps
480 4557 500 4599 et
516 4555 666 4600 moerentes
679 4565 738 4614 may
749 4563 850 4612 express
897 4570 980 4612 paror.
1010 4553 1157 4615 Superatois
1173 4552 1295 4617 required,
1307 4552 1405 4618 though
1421 4569 1457 4602 no

293 4632 337 4681 the
347 4631 460 4694 original.
901 4631 959 4681 MS.
973 4645 1002 4680 so
1013 4630 1085 4680 reads
1096 4631 1125 4680 it.
