3225 5184
579 417 876 470 rsavsusrouus.
1262 398 1305 470 75.

152 584 201 673 τῷ
220 589 334 672 λοιπῷ
350 583 460 682 χρόνῳ
480 583 582 655 παντί
610 585 753 667 μένουσα
774 583 809 653 έν
825 585 870 675 τῇ
887 581 1053 666 μεσότητι
1072 580 1304 682 προσεδέχετο
1321 591 1463 683 &gfff-,21¹3-

1360 685 1393 724 ss.
1400 685 1418 725 1.
1445 685 1467 724 n

152 693 262 780 αὐτὸν,
297 695 386 768 πότε
414 693 517 767 πάλιν
544 697 716 768 ελειίσεται
744 695 798 766 καί
829 695 1106 777 ἀποκαταστήσει
1134 695 1234 779 adria
1261 684 1359 789 τῇΙίΔ
1382 733 1401 770 ι
1424 685 1446 724 '¹

152 809 250 890 αὐτῆς
272 807 424 910 συζυγίᾳ.
464 808 534 881 Καὶ
556 807 600 880 τδ
625 810 728 891 ὄνομα
751 805 787 878 δέ
812 808 909 890 oriris
927 807 1128 890 μεμηνιίσθαι
1154 807 1219 879 ὖπό
1241 813 1306 880 τοῦ

152 921 309 1020 Σωτῆρος
335 923 368 992 ἐν
396 928 449 1012 τῷ
474 922 640 1020 εἰρηκέναι·
676 920 747 992 Καί
777 919 945 1001 ἐδικαιώθη
967 923 986 1002 ἡ
1008 921 1118 1018 σοφία
1143 919 1213 991 άπὸ
1239 925 1307 993 τῶν

152 1033 270 1105 τέκνων
289 1033 397 1116 adrine·
426 1033 479 1104 καί
495 1032 559 1106 ὑπὸ
578 1033 720 1106 Παυλου
737 1031 771 1104 δέ
790 1029 901 1109 oie-ur·
933 1032 1069 1130 Σοφίαν
1086 1029 1121 1103 δὲ
1137 1038 1307 1117 λαλοῦμεν

152 1145 185 1216 έν
201 1155 273 1223 τοῖς
292 1147 442 1224 τελείοις.
477 1146 547 1218 Καὶ
567 1145 627 1224 τὰς
646 1144 804 1247 συζυγίαι·
830 1142 865 1215 δὲ
891 1141 952 1221 τὰς
971 1144 1062 1221 ένπόι
1080 1142 1307 1244 πληροίματοι

150 1256 213 1330 τὸν
244 1258 387 1330 Παῦλον
419 1259 573 1357 εἰρηκέναι
609 1257 799 1360 φάσκουσιν
826 1257 899 1328 ιε’πί
928 1254 997 1333 dade
1030 1256 1196 1352 δείξαντα·
1228 1257 1305 1358 περί

152 1369 220 1470 γὰρ
238 1379 296 1454 τῆς
321 1372 397 1470 περί
418 1369 479 1443 τὸν
497 1371 575 1460 βίον
594 1370 751 1473 συζυγίας
771 1367 914 1469 γράφων
935 1371 1012 1468 ἔφη·
1049 1369 1104 1441 Τὸ
1122 1374 1307 1470 μυστήριον

151 1490 258 1556 τοῦτο
280 1485 369 1576 μέγα
393 1483 497 1568 ε’στίν,
522 1483 588 1576 ε’γίο
616 1483 651 1556 δὲ
678 1483 770 1576 λέγω
798 1485 842 1561 εἰς
870 1479 1030 1582 Χριστὸν
1057 1482 1112 1553 καί
1138 1482 1199 1565 τὴν
1224 1483 1306 1553 Ἐκ·

150 1596 301 1680 κλησίαν.

231 1711 286 1779 18.
330 1703 419 1781 Ἔτι
442 1740 482 1781 τε
507 1704 549 1814 [l.
575 1703 629 1814 δὲ]
655 1705 802 1791 Ἰωάννην
826 1706 888 1778 τὸν
915 1706 1067 1790 μοθητίην
1091 1712 1154 1779 τοῦ
1179 1707 1306 1805 Κυρίου

152 1817 340 1892 διδάσκουσι
366 1822 426 1904 τὴν
450 1819 585 1921 πριίτην
610 1817 759 1914 ὀγδοάδα
779 1818 1006 1904 ’μεμηνυκέναι
1037 1820 1150 1896 αὐτοῖς
1178 1818 1303 1915 λέξεσι,

151 1933 309 2025 λέγοντες·
333 1933 445 2012 οὕτως·
485 1929 630 2017 Ἰωάννης
649 1937 668 2006 ὁ
689 1934 838 2018 μαθητὴς
862 1939 925 2005 τοῦ
948 1931 1076 2030 Κυρίου
1100 1933 1305 2020 βουλόμενοι·

149 2167 279 2247 postero
296 2162 381 2226 omni
399 2170 543 2249 tempore
559 2183 763 2248 perseverans
780 2161 812 2225 in
829 2159 1012 2235 medietate,
1024 2159 1204 2226 sustinebat
1219 2182 1302 2234 eum,

149 2262 277 2347 quando
302 2261 418 2328 iterum
445 2262 552 2329 veniat
577 2271 611 2327 et
637 2269 772 2348 reponat
798 2283 869 2326 eam
892 2283 958 2324 suoe
983 2260 1207 2348 conjugationi.
1257 2261 1304 2327 Et

149 2383 264 2425 nomen
284 2369 391 2426 autem
409 2363 476 2448 ejus
492 2361 703 2448 significatum
720 2383 741 2426 a
758 2360 933 2435 Salvatore
951 2359 984 2424 in
1001 2383 1040 2424 eo
1057 2361 1141 2446 quod
1165 2360 1302 2426 dixerit:

148 2461 329 2547 Justificata
353 2471 395 2527 cet
418 2463 585 2548 Sapientia
610 2484 631 2526 α
647 2463 730 2543 filiis
751 2462 837 2545 ejus:
873 2466 908 2525 et
932 2482 953 2524 a
976 2461 1075 2524 Paulo
1100 2468 1208 2524 antem
1236 2459 1301 2526 sict
1315 2473 1447 2514 bue-vim

149 2561 342 2646 Sapientiam
367 2573 467 2626 antam
487 2563 639 2648 loquimur
654 2562 810 2647 persentis.
858 2559 906 2625 Et
931 2559 1169 2646 conjugationes
1192 2567 1299 2624 autem
1315 2579 1431 2620 monne.

149 2669 311 2746 quaesunt
335 2659 421 2726 intra
438 2659 588 2727 Pleroma
610 2661 747 2726 Paulum
773 2659 888 2724 dixisse
914 2660 1034 2733 dicunt,
1052 2658 1085 2723 in
1110 2680 1173 2722 uno
1196 2667 1301 2723 osten-

148 2760 294 2835 dentem;
331 2761 372 2825 de
403 2784 442 2826 ea
475 2759 558 2826 enim
593 2761 825 2848 conjugatione,
850 2783 921 2845 quae
947 2767 996 2824 est
1023 2757 1196 2822 secundnm
1219 2757 1301 2824 hauc

147 2859 246 2924 vitam
263 2859 402 2925 scribens
416 2860 482 2926 ait:
500 2863 571 2926 Hoc
587 2861 668 2925 enim
685 2861 860 2946 mysterium
876 2881 1020 2946 magnum
1037 2868 1095 2933 est;
1116 2857 1367 2926 diaconatus
1378 2879 1435 2918 sca

147 2960 182 3024 in
202 2960 319 3024 aaran
336 2970 365 3024 et
376 2960 525 3028 Ecclesia.

220 3060 272 3124 18.
327 3059 438 3124 Adhuc
468 3067 576 3125 autem
603 3059 786 3125 «Iohannem
811 3057 997 3143 discipulum
1027 3059 1157 3123 Domini
1184 3061 1301 3125 docent

146 3158 281 3242 primam
307 3159 494 3245 ogdoadem,
523 3168 556 3225 et
577 3159 717 3224 omnium
745 3159 985 3244 generationem
1009 3157 1201 3242 significasse
1226 3159 1301 3244 ipsis

147 3256 345 3323 dictionibus.
373 3259 506 3345 ³Itaque
522 3258 711 3345 principium
727 3258 888 3344 quoddam
904 3256 1049 3341 subjecit,
1061 3257 1145 3342 quod
1163 3257 1301 3343 primum

146 3480 207 3534 text,
221 3487 258 3523 rr.
272 3490 281 3522 r
286 3487 308 3536 5.
344 3475 382 3523 At
395 3492 419 3539 p.
435 3485 462 3536 71
477 3476 536 3535 also,
548 3475 575 3523 in
591 3475 697 3540 quoting
748 3477 835 3524 Πάντα
852 3475 883 3524 δι’
901 3476 975 3523 αὐτοῦ
994 3476 1098 3536 ἐγένετο,
1120 3491 1148 3524 as
1165 3493 1270 3540 appears
1284 3493 1301 3526 a

146 3555 213 3604 ΙνιιΙιε
224 3557 256 3604 ix.
270 3553 310 3615 60,
326 3559 386 3616 ἄφες
396 3557 417 3604 is
429 3556 548 3606 rendered
559 3557 666 3606 Remitte.
747 3555 795 3603 sev
806 3555 867 3603 linea
883 3570 931 3615 on;
947 3571 975 3604 as
990 3555 1126 3604 Nasnmrn
1141 3572 1205 3620 says,
1222 3557 1300 3606 Genet-

196 3636 205 3668 ¹
227 3639 267 3686 ern
278 3638 334 3687 ένὸι.
363 3639 390 3686 Α
400 3638 543 3686 contractis
558 3637 644 3686 drawn
656 3638 695 3687 be
747 3638 811 3686 mode
821 3637 1031 3699 Entwirlulunyd.
1043 3638 1122 3687 Gnoat.
1131 3640 1189 3701 Syst.
1204 3657 1228 3703 p.
1243 3655 1296 3700 ros,

145 3723 225 3767 tveen
237 3720 279 3767 the
294 3721 406 3780 συζυγίαι
421 3719 446 3768 in
463 3735 576 3768 common
588 3719 630 3768 lite
646 3720 696 3768 and
748 3719 800 3766 Der
810 3717 887 3779 Lepos
898 3718 979 3767 rcurds
992 3719 1096 3768 temne
1105 3720 1149 3768 der
1162 3720 1300 3784 θιααίαιιιη

146 3800 215 3849 those
233 3801 321 3848 vn'thin
340 3802 382 3848 the
400 3801 522 3850 Pleroma.
557 3800 609 3848 The
628 3800 696 3849 AEou
747 3799 1297 3864 urrddabwymfurattsolpmdetfionen.

146 3877 256 3928 Ecclesia
277 3881 435 3942 represented
457 3881 500 3928 the
522 3880 601 3928 entire
620 3881 694 3946 body,
747 3880 774 3928 It
785 3897 844 3944 may
855 3882 885 3929 be
897 3898 961 3945 open
971 3889 998 3930 to
1013 3882 1161 3945 conjecture,
1176 3885 1300 3944 however,

144 3961 271 4025 probably,
285 3962 389 4010 because
400 3963 460 4010 each
472 3961 540 4010 AEon
552 3979 602 4010 was
614 3979 630 4010 a
641 3963 696 4011 Ple·
747 3962 857 4010 whether
884 3964 992 4010 cranium
1013 3963 1071 4011 does
1098 3969 1144 4012 not
1173 3972 1303 4028 represent

144 4057 220 4102 roma,
231 4042 281 4090 and
288 4043 331 4091 the
341 4043 421 4091 AEons
429 4059 491 4092 svers
502 4043 535 4092 all
543 4043 695 4104 Ἐκκλησίαι.
746 4042 864 4102 ιΕοαιιια,
875 4045 915 4090 καί
926 4045 970 4100 τὴν
981 4046 1029 4092 τῶν
1040 4045 1130 4092 αἰώνων
1140 4046 1241 4104 γένεσιν.

145 4124 191 4172 See
201 4141 226 4188 p.
241 4139 279 4184 aa,
294 4141 318 4172 n.
333 4139 354 4172 a.
391 4125 428 4173 Cf.
442 4141 466 4188 p.
483 4126 523 4186 78,
538 4124 554 4174 l.
569 4123 592 4174 6.
795 4121 806 4154 ⁸
822 4123 875 4171 The
891 4123 1022 4171 versionis
1036 4123 1158 4172 defective
1173 4125 1223 4173 and
1240 4142 1301 4190 may

193 4203 248 4254 ¹It
266 4206 312 4254 baa
328 4205 454 4269 generally
471 4207 533 4253 been
553 4204 695 4254 considered
746 4204 776 4253 be
796 4205 868 4253 made
884 4203 950 4267 good
966 4205 1031 4252 from
1048 4206 1091 4253 the
1108 4206 1255 4255 translation
1272 4209 1305 4256 of

144 4287 201 4336 that
211 4288 254 4336 the
266 4287 343 4336 Latin
354 4288 461 4347 version,
474 4295 494 4335 rt
505 4287 613 4334 omnium
627 4301 695 4348 μεμε·
748 4285 864 4344 Brnrnns,
878 4287 912 4349 by
929 4285 1057 4349 replacing
1074 4285 1160 4349 Itcgroe
1177 4289 1238 4337 with
1254 4291 1302 4339 the

143 4369 269 4427 roricum,
282 4369 304 4418 is
319 4368 469 4417 redundant.
504 4366 696 4415 Iaminclined
746 4367 828 4415 words
845 4367 939 4414 Hientet
960 4367 1036 4416 cerdis
1057 4375 1161 4424 ιαιιιιειι
1175 4369 1302 4420 Jotonm

143 4452 228 4500 rather
238 4457 265 4500 to
276 4455 377 4514 suspect
387 4465 403 4498 a
413 4451 462 4497 loss
474 4449 502 4497 of
511 4448 552 4496 the
563 4448 644 4495 worda
657 4449 697 4495 rat
746 4447 850 4495 Domini
861 4447 1004 4509 discipulus,
1014 4466 1094 4498 rerum
1101 4450 1210 4499 omnium
1220 4459 1299 4501 onum

143 4535 188 4591 τὴν
198 4535 247 4581 τῶν
257 4533 355 4581 πάντων
365 4515 466 4594 γένεσιν,
474 4530 537 4578 from
549 4529 592 4579 the
599 4529 695 4588 Greek;
746 4543 859 4590 erponem
867 4530 971 4591 cupiens,
979 4530 1052 4592 juxto
1059 4532 1208 4594 qtoemPater
1216 4533 1299 4582 omnia

143 4614 249 4663 because
259 4615 288 4662 ol
296 4615 339 4663 the
351 4611 511 4662 Valentinian
527 4615 652 4660 comment
663 4627 695 4658 on
743 4609 872 4672 producit.
