3225 5184
527 432 715 488 THALETIS
741 434 944 492 DISCIPULI.
1247 422 1313 486 229

154 603 264 668 νεῦσαι
302 597 481 689 γενέσθαι.
503 651 510 667 .
533 596 710 669 ,deoduinus
749 596 792 683 di,
829 598 883 669 xci
923 599 957 669 ἔκ
994 604 1058 670 τοῦ
1090 599 1313 698 περικειμένου
1346 611 1450 697 χξξξῐῐὶ

154 708 312 803 σώματος
333 709 602 783 κατασκευᾶσθαι
623 709 685 782 τὸν
706 712 843 810 οὗραυόν
858 765 866 781 .
881 766 889 781 .
906 710 1076 782 ,Ἐκεῖνον
1102 710 1137 781 δὲ
1160 711 1228 783 υἱον
1249 718 1312 783 τοῦ
1322 704 1474 789 ‘'hl's'ffl‘fl'·

154 820 341 920 Προυνίκου
376 823 761 915 καλυῦσι...Κᾷκει”νοο
788 822 824 893 δὲ
853 820 958 896 πάλιν
986 823 1094 895 ἄλλον
1127 827 1194 895 vida
1226 800 1469 923 προ-Ἦ-

157 936 329 1022 εβᾶλετο.
347 936 441 1005 ..rai
474 934 514 1029 ἐξ
540 936 659 1006 ἐκείνου
687 943 848 1018 συστῆναι
873 937 1032 1027 λέγουσιν
1056 938 1172 1037 ἕτερον
1187 992 1195 1007 .
1211 990 1218 1007 .
1234 937 1310 1007 acci

153 1049 256 1147 μέχρι
289 1054 353 1119 τοῦ
386 1046 474 1119 ἔπτὰ
506 1050 651 1145 α’ριθμοῦ
685 1050 852 1150 προβῆναι
884 1046 945 1126 τὰς
982 1047 1170 1148 προβολάς.

155 1213 197 1277 ad
215 1212 364 1299 abyssos:
396 1216 430 1277 et
447 1212 653 1298 assumpsisse
670 1212 769 1277 exeis
787 1234 912 1299 corpus.
964 1212 1208 1279 Humectationi
1225 1212 1309 1279 enim

154 1312 282 1376 luminis
306 1312 374 1398 ejus
397 1312 504 1376 omnia
526 1311 699 1377 accurrisse
725 1320 758 1377 et
784 1312 955 1378 adhaesisse
979 1314 1099 1379 dicunt.
1119 1321 1155 1379 et
1177 1315 1310 1378 circum-

154 1411 295 1475 tenuisse
328 1433 418 1476 eam:
458 1433 554 1496 quam
586 1410 645 1475 nisi
682 1412 855 1486 habuisset,
889 1419 962 1477 tota
993 1414 1147 1499 absorpta
1176 1414 1312 1477 fortasse

154 1510 266 1576 luisset
284 1520 318 1575 et
335 1511 480 1575 demersa
497 1533 517 1575 a
532 1511 677 1579 materia.
714 1511 898 1598 Deligatam
914 1512 1013 1599 igitur
1029 1512 1111 1577 hanc
1128 1535 1148 1576 a
1164 1534 1309 1597 corpore,

156 1610 334 1697 quoderat
358 1633 379 1676 a
402 1610 547 1685 materia,
573 1617 607 1675 et
631 1612 721 1676 valde
745 1620 913 1697 gravatam
935 1612 1084 1697 ¹repsisse
1110 1610 1309 1698 [resipuisse]

155 1710 338 1795 aliquando.
368 1718 403 1775 et
435 1719 583 1775 conatam
617 1733 685 1776 esse
719 1711 831 1796 fugere
859 1732 968 1795 aquas,
998 1720 1033 1777 et
1064 1712 1235 1776 ascendere
1267 1711 1310 1776 ad

155 1816 306 1885 matrem,
326 1831 390 1874 non
403 1809 544 1896 potuisse
556 1808 678 1899 ²[eam]
697 1818 805 1876 autem
821 1819 955 1896 propter
963 1811 1166 1897 gravedinem
1179 1810 1312 1875 circum-

155 1908 251 1995 positi
272 1911 423 1995 corporis.
477 1910 583 1975 Valde
602 1923 710 1975 autem
731 1910 815 1975 male
839 1934 873 1975 se
897 1910 1068 1975 habentem
1094 1910 1310 1975 machinatam

155 2032 224 2074 esse
241 2010 435 2075 abscondere
450 2010 526 2075 illud
545 2011 629 2096 quod
648 2019 719 2075 erat
736 2010 872 2095 desuper
888 2009 1004 2087 lumen,
1022 2001 1190 2075 timentem
1213 2031 1255 2073 ne
1276 2015 1311 2074 et

155 2108 258 2195 ipsum
286 2109 458 2175 laederetur
480 2111 521 2175 ab
549 2110 750 2175 inferioribus
776 2110 952 2187 elementis,
979 2109 1247 2196 quemadmodum
1277 2125 1311 2173 et

154 2207 232 2295 ipsa.
285 2208 332 2273 Et
354 2232 427 2275 cum
444 2209 596 2275 virtutem
619 2210 793 2295 accepisset
810 2210 853 2275 ab
873 2208 1111 2275 humectatione
1134 2210 1202 2295 ejus
1226 2210 1312 2294 quod

155 2316 227 2374 erat
242 2309 415 2375 seeundum
433 2332 503 2375 eam
520 2310 637 2387 lumen,
655 2309 777 2385 resiliit,
795 2318 830 2374 et
847 2308 879 2373 in
895 2309 1124 2373 sublimitatem
1148 2309 1235 2373 elata
1249 2318 1310 2382 est,

157 2416 192 2473 et
208 2410 295 2474 lacta
312 2410 344 2474 in
359 2410 427 2474 alto
442 2409 617 2488 'dilatavit
631 2418 665 2474 et
682 2409 857 2495 cooperuit,
876 2417 910 2474 et
925 2410 1002 2473 lecit
1016 2409 1132 2473 coelum
1148 2410 1208 2472 hoc
1226 2408 1311 2492 qnod

158 2517 342 2594 apparete
362 2502 417 2601 [e]
437 2510 587 2594 ⁴corpore
612 2509 695 2594 ejus;
725 2518 758 2574 et
776 2509 930 2573 remansit
944 2508 1004 2573 sub
1022 2508 1103 2573 coelo
1121 2507 1205 2593 quod
1224 2507 1310 2581 lecit,

158 2609 264 2672 adhuc
279 2608 400 2675 habens
423 2608 572 2692 aquatilis
595 2608 735 2692 corporis
757 2615 880 2691 typum.
934 2608 1015 2671 Cum
1039 2606 1213 2690 accepisset
1238 2628 1312 2670 con-

57 2723 135 2763 0-109·
159 2706 384 2792 cupiscentiam
411 2706 582 2791 superioris
613 2706 750 2784 luminis,
786 2717 820 2770 et
851 2705 1003 2770 virtutem
1036 2704 1221 2790 sumpsisset
1255 2728 1313 2790 per

158 2806 274 2877 omnia,
293 2806 474 2891 deposuisse
499 2827 614 2891 corpus
637 2812 671 2870 et
693 2806 862 2870 liberatam
881 2807 989 2870 abeo.
1039 2805 1186 2890 ⁶Corpus
1202 2811 1313 2869 autem

158 2906 219 2972 hoe
248 2905 371 2971 exuisse
401 2906 512 2970 dicunt
538 2928 618 2985 eam,
643 2905 806 2971 loeminam
834 2928 855 2970 a
883 2905 1013 2970 l'oemina
1035 2904 1212 2969 nominant.
1266 2903 1313 2969 Et

158 3006 258 3072 lilium
274 3016 383 3073 autem
400 3007 469 3092 ejus
492 3005 604 3071 dicunt
620 3006 768 3071 habuisse
788 3013 823 3070 et
843 3006 945 3091 ipsum
964 3004 1192 3090 aspirationem
1212 3026 1312 3090 quan·

158 3106 234 3171 dam
250 3107 283 3170 in
300 3128 335 3171 se
347 3106 587 3191 ⁶incorruptelae
599 3128 620 3171 a
636 3112 740 3170 matre
757 3104 902 3170 relictam
920 3104 957 3169 ei.
970 3127 1028 3191 per
1042 3125 1137 3190 quam
1150 3113 1313 3190 operatur,

158 3212 193 3270 et
214 3214 328 3291 potens
345 3206 449 3271 factus
472 3204 576 3270 emisit
598 3212 632 3271 et
653 3205 729 3291 ipse,
744 3216 782 3270 ut
803 3205 924 3283 dicunt,
950 3206 991 3269 ab
1010 3204 1101 3289 aquis
1123 3203 1223 3267 lilium
1245 3203 1313 3267 sine

157 3315 283 3372 matre:
305 3328 409 3391 neque
426 3304 510 3371 enim
527 3305 709 3391 cognovisse
725 3314 863 3371 matrem
886 3326 959 3369 eum
976 3303 1095 3368 volunt.
1144 3303 1192 3367 Et
1213 3301 1315 3366 lilium

158 3406 227 3492 ejus
243 3407 415 3471 secundum
433 3405 535 3491 patris
551 3405 761 3470 imitationem
778 3405 916 3471 alterum
933 3403 1072 3468 emisisse
1088 3402 1198 3466 filium.
1250 3401 1315 3467 Hie

158 3527 285 3591 quoque
303 3505 418 3572 tertius
435 3516 585 3591 quartum
600 3504 775 3591 generarit,
794 3513 829 3569 et
847 3511 981 3591 quartus
1000 3511 1035 3568 et
1057 3502 1125 3588 ipse
1145 3501 1313 3589 generavit

157 3604 278 3683 filium;
307 3606 347 3670 de
368 3604 480 3691 quinto
504 3611 632 3669 sextum
653 3604 753 3669 lilium
776 3612 966 3693 generatum
990 3602 1121 3668 dicunt:
1149 3609 1182 3668 et
1205 3608 1316 3667 sextus

207 3767 286 3818 ¹T¹ns
297 3770 404 3818 Anum
418 3768 528 3833 reading.
761 3766 812 3815 and
829 3767 930 3827 ἐπίνοια,
949 3764 1000 3814 and
1016 3766 1073 3814 that
1090 3764 1186 3827 οὐρανὸς
1202 3780 1254 3813 was
1272 3764 1317 3812 the

206 3849 218 3882 ¹
233 3866 286 3901 ιαιιι
297 3852 318 3901 is
329 3856 375 3899 not
386 3852 411 3899 in
422 3852 465 3901 tha
477 3851 577 3899 Cum.
591 3848 649 3901 MS.
761 3848 826 3897 male
837 3850 946 3909 σύζυγον.
981 3849 1034 3895 Τῶν
1048 3848 1074 3895 δὲ
1091 3848 1117 3906 ἐξ
1133 3846 1253 3903 δυνάμεων
1263 3846 1317 3893 του·

206 3932 218 3966 ⁸
235 3937 309 3997 ἐπῇρε
327 3936 353 3983 δὲ
371 3935 459 3993 ἑαυτὴν
476 3936 540 3984 κατὰ
557 3934 614 3997 βίον
631 3934 663 3982 eis
679 3933 711 3981 τὰ
762 3931 942 3979 τιιν....ιιαλεΐ
957 3930 1002 3988 τὴν
1020 3930 1118 3991 τρόπον
1135 3928 1250 3988 συζυγίαν
1265 3929 1319 3975 νοῦν

158 4016 266 4079 ἀνώτερα
281 4018 321 4065 sal
335 4016 448 4075 ἐξέτεινεν
459 4016 552 4076 ἑαυτήν.
577 4014 708 4063 Ernms.
763 4013 803 4060 sal
815 4012 927 4073 ἐτίνοιαν,
941 4012 1039 4073 οὐρινδν
1050 4011 1090 4058 nol
1099 4011 1157 4069 γὴ·
1175 4010 1215 4056 rol
1225 4009 1319 4067 τὸνμὲν

158 4096 379 4158 Hoer.xxxv11.3.
408 4096 488 4145 These
499 4096 653 4160 expressions
664 4094 712 4144 call
763 4090 853 4151 ἄρσενα
864 4089 952 4136 eoos»
963 4089 1105 4149 ἐπιβλέπειν
1112 4087 1151 4135 καὶ
1161 4086 1319 4147 τρονοεΐντῆτ

157 4183 186 4227 te
196 4178 266 4228 mind
283 4178 451 4227 Pnuunes's
467 4177 617 4242 description
628 4177 658 4225 oi
669 4177 712 4226 the
763 4171 875 4230 evilim,
896 4170 941 4228 rh!
958 4170 985 4218 δὲ
1005 4170 1054 4231 γΐγ
1072 4169 1233 4228 ὑποδέχεσθαι
1252 4167 1318 4214 κάτω

158 4264 369 4309 commencement
388 4259 417 4307 of
431 4260 474 4308 the
494 4258 596 4309 Persian
617 4274 711 4307 cosmo·
763 4252 1113 4314 τοὺς...συγγενιῖνκαρτούτ.
1133 4262 1225 4311 v1.13.
1247 4248 1319 4297 Gom-

158 4358 241 4407 gony:
261 4344 327 4401 ὁμὲν
335 4342 468 4403 Ὠρομάζης
479 4343 529 4402 rpls
541 4340 625 4389 ἑαυτὸν
642 4341 711 4400 adest
763 4351 823 4401 pars
834 4352 907 4399 μιν,
921 4340 981 4385 noto
994 4350 1016 4384 1.

159 4442 205 4475 σας
216 4426 344 4484 ἀπέστησε
359 4425 404 4472 τοῦ
420 4424 491 4483 ἡλίου
500 4424 617 4471 τοσοῦτον
633 4423 713 4471 ὄτονὸ
813 4416 893 4465 ’Τὴο
909 4415 993 4465 Greek
1008 4414 1115 4479 perhaps
1131 4430 1186 4475 ran,
1205 4416 1276 4473 σῶμα
1293 4416 1319 4463 δὲ

158 4507 227 4566 ἥλιος
238 4508 282 4567 τῆν
292 4508 339 4567 ’γῆν
355 4506 487 4567 ἀφέστηκε,
502 4506 542 4553 rel
559 4505 601 4553 τὸν
617 4506 713 4566 οὐρανὸν
764 4502 843 4560 τοῦτο,
858 4502 965 4562 deoru,
979 4501 1064 4557 ιτ.τ.λ.,
1077 4498 1106 4546 ol
1113 4498 1195 4546 which
1206 4498 1249 4546 the
1259 4497 1320 4547 rela-

160 4589 258 4651 ἄστροις
270 4589 409 4648 ἐκόσμησεν.
428 4586 463 4636 Ιι.
477 4592 498 4635 ct
511 4580 551 4637 'Oa
561 4596 602 4647 47.
763 4583 816 4631 tiva
826 4597 941 4645 proncun
952 4596 1004 4629 was
1018 4580 1068 4629 lost
1081 4586 1109 4628 to
1120 4581 1164 4629 the
1174 4579 1318 4629 translator.

208 4668 221 4701 ⁴
237 4670 409 4719 Hffmnms
417 4668 537 4733 saysthat
544 4666 630 4717 Simon
641 4667 714 4717 made
763 4722 767 4731 ,
814 4662 881 4712 ‘Oh
894 4678 920 4727 p.
934 4674 973 4724 51.
1007 4662 1061 4711 The
1078 4662 1178 4710 Cannu.
1197 4660 1255 4711 MS.
1273 4662 1320 4711 has

160 4752 257 4815 οὐρανὸς
274 4752 314 4801 καὶ
330 4752 366 4814 γῆ
381 4752 424 4800 the
441 4748 598 4799 cerrelatires
620 4748 649 4796 of
664 4749 716 4797 νοῦν
766 4744 913 4808 corruptele,
929 4745 975 4793 but
985 4745 1029 4794 the
1039 4744 1147 4793 mistske
1157 4743 1178 4792 is
1189 4743 1297 4792 erident.
