3225 5184
506 396 531 447 e
556 396 776 448 scmrruars
802 393 963 447 muana,
1247 376 1309 444 171

160 555 368 639 καλουμένας,
402 555 462 638 τὴν
490 553 549 639 μὲν
583 558 708 655 ὅρασιν,
744 557 803 639 τὴν
836 552 871 625 δὲ
898 553 1005 638 droia,
1034 554 1094 635 την
1127 550 1162 623 δὲ
1195 553 1313 651 τρίτην
1325 564 1378 649 loll}
1387 564 1477 650 dxiii?

161 672 341 768 ὄσφρησιν,
363 668 416 739 καὶ
437 668 498 751 τὴν
517 666 683 768 τετάρτην
705 676 829 761 γεῦσιν.
869 666 941 750 Τὴν
963 665 997 736 δὲ
1020 663 1196 758 Ὀγδοάδα
1224 665 1312 764 φασὶ
1346 658 1453 743 livild

160 783 336 866 μηνύεσθαι
361 778 413 851 διὰ
434 787 498 852 τοῦ
519 782 692 879 ἀνθρώπου
722 777 834 858 οὕτως·
877 776 978 855 duodo
1004 777 1064 863 μὲν
1090 777 1146 849 δύο
1174 781 1314 873 ἔχοντας

163 890 205 999 [l.
226 886 394 997 ἔχοντος],
414 894 467 965 καὶ
491 896 660 971 τοσαύτας
682 892 823 993 ὁράσεις,
843 895 893 964 ἔτι
912 924 953 964 τε
975 891 1160 991 ὀσφρήσεις
1178 890 1242 975 δύο,
1260 890 1314 961 καὶ

163 1004 282 1089 διπλῆν
301 1012 421 1099 γεῦσιν,
439 1013 557 1105 πικροῦ
574 1008 683 1078 τεκαὶ
703 1008 855 1099 γλυκέως.
879 1004 992 1076 Ὅλον
1010 1003 1044 1074 δὲ
1064 1003 1124 1077 τὸν
1142 1004 1316 1104 ἄνθρωπον

164 1122 278 1189 πᾶσαν
302 1120 363 1201 την
387 1120 493 1191 εἰκόνα
518 1128 577 1202 τῆς
599 1118 838 1219 τριακοντάδος
862 1115 963 1193 οὕτως
985 1119 1073 1213 ἔχειν
1096 1115 1314 1189 διδάσκουσιν

161 1234 195 1301 ἐν
222 1229 282 1315 μὲν
310 1242 384 1308 ταῖς
408 1232 507 1333 χερσὶ
534 1231 586 1303 διὰ
608 1238 674 1304 τῶν
699 1232 866 1304 δακτύλων
891 1231 951 1312 τὴν
977 1227 1094 1300 δεκάδα
1116 1228 1314 1329 βαστάζειν

163 1344 196 1414 ἐν
227 1347 296 1434 ὅλῳ
331 1343 365 1415 δὲ
398 1352 452 1435 τῷ
479 1348 609 1429 σώματι
645 1349 688 1423 εἰς
721 1343 854 1415 δεκαδύο
887 1344 971 1426 με’λη
1011 1341 1220 1443 διαιρουμένῳ
1255 1342 1315 1424 τὴν

164 1455 336 1528 δωδεκάδα.
385 1459 561 1557 Διαιροῦσι
591 1456 625 1529 δὲ
659 1457 751 1542 ariri,
780 1455 932 1554 καθάπερ
967 1453 1011 1527 τὸ
1044 1465 1103 1539 τῆς
1139 1455 1315 1537 Ἀληθείας
1328 1476 1402 1523 ¹42

164 1568 314 1669 διῄρηται
344 1572 422 1668 παρ’
454 1572 564 1647 αὐτοῖς
595 1581 666 1648 τοῖς
693 1567 734 1677 [l.
756 1575 851 1653 σῶμα
873 1594 902 1645 et
922 1580 987 1645 dele
1003 1563 1033 1673 ,]
1065 1570 1207 1652 σώμασι,
1239 1566 1314 1665 περὶ

164 1682 204 1753 ori
218 1686 465 1782 προειρήκαμεν.
492 1683 563 1766 Τήν
580 1716 620 1756 τε
640 1681 692 1754 οὖν
706 1681 863 1775 ὀγδοάδα,
877 1684 1022 1784 ἅῤῥητόν
1040 1683 1151 1753 τεκαὶ
1169 1682 1316 1780 δάρατον

89 1852 93 1861 .
164 1793 273 1879 οὖσαν,
295 1798 327 1866 ἐν
347 1806 418 1872 τοῖς
435 1794 651 1892 σπλάγχνοις
669 1797 871 1895 κρυβομὲνην
891 1802 1046 1869 νοεῖσθαι.

245 1929 277 1978 2.
322 1908 453 1980 Ἥλιον
476 1908 510 1979 δὲ
533 1908 635 1980 πάλιν
655 1909 716 1980 τὸν
733 1912 842 2001 μέγαν
862 1919 1027 2011 φωστῆρα
1054 1909 1086 1977 ἐν
1105 1912 1152 1999 τῇ
1166 1901 1315 2003 τετάρτη

164 2026 230 2093 τῶν
253 2025 377 2119 ἡμερῶν
407 2022 578 2114 γεγονέναι
611 2020 664 2093 διὰ
689 2020 750 2095 τδν
778 2026 837 2105 τῆς
866 2021 1028 2123 τετράδος
1054 2018 1196 2120 ἆριθμδν
1224 2018 1317 2117 φάσ-

164 2165 268 2205 κουσι.
311 2133 380 2217 Τῆς
409 2167 449 2206 τε
471 2143 594 2218 σκηνῆς,
616 2138 676 2217 της
698 2134 762 2207 ὑπὸ
791 2135 956 2212 Moto-deor
987 2131 1316 2214 κατασκευασθείσης,

166 2250 201 2319 ιιιΙ
217 2246 315 2317 αύλαῖ
334 2248 368 2317 ε’κ
385 2248 526 2335 βύσσον,
549 2248 602 2318 καὶ
629 2249 785 2331 ὑακίνθου,
811 2251 865 2319 καὶ
889 2246 1148 2348 πορφύρας,καῖ
1171 2245 1317 2315 κοκκίνου
1329 2274 1479 2314 amamur.

166 2370 344 2451 γεγονυῖαι,
369 2360 429 2443 τὴν
456 2361 555 2442 adria
583 2360 661 2460 παρ’
692 2362 802 2437 αύτοῖς
828 2360 998 2456 ἐπέδειξαν
1024 2362 1139 2432 εἰκόνα.
1182 2357 1255 2428 Τόν
1278 2388 1318 2427 τε
1328 2323 1359 2366 η’

165 2478 228 2544 τοῦ
254 2473 360 2572 ιἐρέως
388 2471 524 2571 ποδήρη,
555 2474 723 2572 τέσσαρσι
754 2476 937 2572 στοιχείοις
969 2471 1011 2581 [l.
1031 2465 1185 2575 στίχοις]
1216 2471 1319 2541 λίθων

166 2636 220 2721 qui
250 2635 292 2701 sit
319 2634 352 2699 in
382 2636 513 2701 oerebro
544 2635 641 2711 loeus,
671 2658 710 2701 ex
737 2634 817 2721 ¹quo
845 2639 988 2703 defluant
1015 2638 1150 2702 virtutes
1180 2641 1319 2720 quatuor

164 2736 336 2799 seeundum
360 2734 529 2823 imaginem
554 2758 700 2822 superna
726 2738 871 2813 tetradis,
896 2760 966 2823 quae
987 2748 1150 2813 vocantur,
1168 2757 1232 2799 una
1249 2734 1317 2819 qui-

165 2834 238 2899 dem
267 2835 353 2911 visio,
381 2834 483 2900 altera
513 2843 622 2901 autern
651 2836 788 2913 auditus,
819 2834 918 2902 tertia
947 2839 1109 2913 odoratus,
1139 2843 1173 2901 et
1201 2843 1318 2920 quarta

163 2934 314 3021 gustatio.
368 2935 612 3000 Oetonationem
632 2943 740 3001 autem
761 2936 870 3002 dicunt
897 2937 1066 3025 significari
1083 2960 1141 3023 per
1156 2935 1317 3000 hominem

165 3034 230 3099 sie:
264 3057 356 3100 auree
386 3034 514 3120 quidem
549 3036 627 3099 duas
653 3036 835 3111 habentem,
866 3045 900 3103 et
930 3038 1065 3102 totidem
1094 3037 1187 3110 visus,
1213 3034 1317 3099 adhue

165 3134 264 3199 etiam
296 3135 499 3199 odorationes
529 3135 617 3212 duas,
646 3142 681 3200 et
710 3136 868 3221 duplicem
898 3138 1123 3223 gestationem,
1154 3134 1254 3199 amari
1282 3143 1317 3199 et

166 3234 275 3301 duleis.
329 3235 448 3300 Totum
465 3246 573 3301 autem
591 3234 750 3301 hominem
768 3258 894 3300 omnem
915 3237 1086 3323 imaginem
1106 3232 1317 3300 triacontadis

165 3333 210 3398 sie
235 3335 353 3401 habere
379 3336 514 3399 docent:
549 3334 582 3399 in
609 3334 753 3400 manibus
779 3337 905 3420 quidem
933 3358 989 3420 per
1015 3336 1132 3421 digitos
1164 3334 1316 3398 decadem

164 3433 327 3520 bajulare:
355 3435 387 3499 in
405 3443 476 3500 toto
494 3442 600 3499 autem
619 3456 760 3519 corpore,
779 3458 851 3499 oum
868 3435 900 3499 in
918 3459 963 3499 xu
987 3436 1130 3499 membra
1145 3434 1315 3509 dividatur,

166 3533 391 3601 duodecadem.
445 3533 602 3601 Dividunt
627 3546 734 3599 autem
755 3534 843 3614 illud,
866 3534 1131 3620 quemadmodum
1158 3532 1317 3597 Veritatis

165 3636 252 3718 apud
270 3658 323 3699 eos
345 3635 479 3700 divisum
498 3644 547 3700 est
569 3656 692 3720 eorpus,
713 3636 753 3698 de
776 3658 839 3720 quo
863 3636 1076 3720 praediximus.
1130 3633 1318 3720 Ogdoadem

166 3742 284 3808 autem,
296 3742 330 3799 et
347 3734 591 3801 inenarrabilem
609 3742 643 3800 et
657 3734 853 3812 invisibilem,
864 3735 898 3799 in
911 3736 1082 3801 visceribus
1099 3733 1318 3800 absconditam

166 3829 310 3919 intelligi.

241 3935 272 3999 2.
301 3932 407 3996 Solem
435 3956 560 4019 quoque
590 3934 716 4009 iterum,
747 3934 799 4021 qui
834 3935 878 3999 sit
910 3956 1063 4020 magnum
1088 3934 1253 4013 luminare,
1285 3934 1317 3997 in

166 4042 282 4117 quarta
313 4032 436 4096 dierum
465 4034 534 4097 lieri
566 4044 697 4120 propter
723 4034 976 4119 quaternationis
1001 4056 1169 4098 numerum
1195 4034 1480 4103 dieuntamamra,

165 4132 375 4198 Tabernaeuli
402 4155 537 4218 quoque,
565 4133 648 4219 quod
674 4157 694 4199 a
721 4135 835 4218 Moyse
861 4134 1071 4219 compositum
1094 4142 1153 4209 est,
1171 4134 1256 4199 atria
1277 4133 1317 4197 de
1329 4103 1457 4142 ‘mm

164 4230 266 4319 bysso,
285 4240 320 4298 et
340 4233 520 4319 hyacintho,
540 4249 573 4298 ea
594 4255 743 4318 purpura,
763 4241 796 4299 et
814 4233 941 4299 eoeeino
962 4234 1059 4309 laeta,
1076 4234 1211 4298 eandem
1232 4234 1318 4317 apud

164 4355 218 4399 eos
235 4334 445 4400 ostenderunt
462 4332 641 4419 imaginem.
670 4331 852 4398 Sacerdotis
869 4356 995 4420 quoque
1011 4334 1163 4418 poderem
1181 4340 1319 4418 quatuor
1330 4357 1395 4448 χιον
1407 4357 1481 4397 xxvia

162 4477 241 4537 brain,
265 4478 314 4526 and
343 4478 385 4526 the
411 4477 468 4525 four
491 4476 568 4524 rivers
590 4475 633 4523 the
654 4473 717 4537 soar
766 4476 855 4525 Mauo.
869 4488 899 4526 11.
917 4477 993 4525 MSS.
1009 4492 1081 4539 agree
1096 4476 1122 4523 in
1138 4475 1188 4524 this
1208 4473 1318 4537 reading.

162 4574 251 4608 seuseu.
287 4558 465 4617 Hmrourrns,
480 4556 547 4605 Pla.
560 4568 585 4606 v.
602 4570 625 4620 9.
767 4556 888 4607 Fnuaun.
917 4558 972 4607 fint
993 4556 1092 4621 printed
1114 4571 1163 4619 ηυα
1184 4556 1249 4605 κῆον
1277 4556 1320 4603 the

211 4639 222 4673 ¹
238 4640 291 4690 'she
306 4640 416 4703 casnm,
432 4640 550 4700 Annum,
564 4638 644 4701 Voss,
664 4638 713 4687 and
766 4638 855 4687 Greek.
