3225 5184
606 388 834 443 nnsnuarlo.
1225 377 1290 441 155

133 546 188 616 καὶ
207 542 334 630 δεκάδα,
349 546 403 617 καὶ
420 544 583 619 δωδεκάδα
603 547 873 650 δπομερῖζοντος,
897 549 950 619 καὶ
971 547 1023 620 διὰ
1042 554 1110 622 τῶν
1129 552 1291 621 τοιούτων
1303 566 1454 654 ngllvffilp

1276 669 1291 683 Α
1303 661 1393 699 uaasl
1402 664 1455 702 :ab

1274 696 1455 745 v*—

135 664 459 745 πολυπλασιασμῶν,
480 658 523 733 τδ
541 658 687 759 όῤῥητον
709 662 764 733 καὶ
791 663 991 747 ἀνεννόητον,
1012 666 1052 739 ὡς
1070 662 1112 733 σι)
1132 663 1206 762 φης,
1228 695 1270 735 πο

136 770 278 871 Πατρός
295 770 563 864 ε’κδιηγουμένου;
592 773 663 843 Καὶ
684 773 720 845 δν
732 774 914 858 ἆσόνματον
933 775 987 845 καὶ
1000 776 1152 846 ἆνοόσιον
1172 772 1292 860 όνομό-

137 882 209 984 ζεις,
226 885 286 967 τὴν
305 886 428 957 τούτου
451 886 564 958 οόσῖαν
587 888 641 957 καὶ
665 886 726 969 τὴν
748 888 940 959 ὑπόστασιν
965 890 999 959 ἐκ
1023 894 1161 959 πολλῶν
1181 916 1292 986 γραμ-

134 993 257 1081 μάτων,
288 998 408 1097 ἑτέρων
439 997 477 1093 ἐξ
507 999 626 1097 ἑτέρων
655 1000 868 1091 γεννωμένων,
898 998 1162 1101 κατασκευάζεις,
1191 999 1291 1077 αὗτδς

135 1108 324 1186 ῐΔαίδαλος
352 1109 485 1207 ψευδὴς,
514 1113 568 1182 καὶ
593 1113 718 1184 τέκτων
743 1110 840 1190 κακός
865 1116 1038 1205 γενόμενος
1057 1122 1114 1196 τῆς
1138 1144 1291 1211 προπον-

134 1219 325 1321 νπερτότου
339 1221 506 1307 δυνάμεως·
533 1225 587 1296 καὶ
612 1224 649 1308 ἢν
669 1225 853 1323 ἀμέριστον
871 1226 937 1326 φης
955 1225 1042 1310 εἶναι,
1063 1230 1106 1303 εἷς
1129 1225 1290 1325 ἆφιόνους,

134 1336 187 1404 καὶ
225 1339 420 1434 φωνήεντος,
456 1338 509 1407 καὶ
546 1338 731 1437 ἧμιφιόνους
771 1340 951 1437 φθόγγους
986 1337 1203 1438 δτομερῖζων·
1246 1337 1290 1410 τό

135 1446 269 1546 όφωνον
304 1450 410 1521 aicta
441 1453 491 1540 τῷ
526 1454 592 1522 τῶν
631 1447 765 1522 πόντων
805 1451 935 1551 Πατρὶ,
964 1451 1019 1521 καὶ
1056 1455 1099 1543 τῇ
1129 1457 1193 1522 τοῦ
1220 1454 1291 1521 υἱοῦ

135 1555 177 1665 [l.
201 1555 344 1665 τούτου]
377 1564 485 1655 ε’ννοῖᾳ
517 1561 788 1660 ἐπιψευδόμενος,
821 1567 864 1639 εἷς
894 1565 955 1647 τὴν
985 1561 1145 1635 ἀνωτάτω
1174 1564 1290 1651 βλασ-

56 1727 61 1736 .
99 1725 104 1735 .
135 1673 262 1770 φημῖαν
278 1674 333 1744 καὶ
356 1677 523 1767 μεγίστην
540 1676 700 1765 ἆσέβειαν
719 1677 933 1765 ἐμβέβληκας
952 1675 1104 1752 ἅπαντας
1130 1676 1207 1752 τοός
1232 1706 1288 1745 σοι

135 1785 353 1869 πειθομένους.

214 1920 270 1987 17.
323 1897 388 1971 Διό
418 1898 472 1970 καὶ
504 1898 629 1976 δικαίως
653 1901 708 1971 καὶ
737 1898 952 2002 ἁρμοζόντως
977 1904 1021 1995 τῇ
1053 1901 1192 1993 τοιαύτη
1228 1931 1289 1971 σου

50 2063 55 2075 -
93 2060 98 2071 ·
135 2010 283 2105 τόλμηὸ
309 2015 414 2088 2θεῖος
438 2014 631 2107 πρεσβύτης
653 2014 707 2085 καὶ
730 2012 831 2113 κῆρυξ
855 2022 913 2097 τῆς
938 2014 1092 2097 ἆληθεῖας
1122 2014 1290 2111 ἐμμέτρως

135 2124 337 2212 έπιβεβόηκέ
360 2155 426 2209 σοι,
446 2125 544 2197 εἰπὼν
564 2123 675 2203 οὕτως·

330 2268 529 2344 Ἐἲδωλοποιὲ,
551 2269 664 2351 Μόρκε,
686 2270 731 2329 καὶ
752 2268 968 2351 τερατοσκόπε,

330 2364 559 2447 Ἀστρολογικῆς
579 2365 693 2447 ἔμπειρε
714 2366 758 2424 καλ
778 2369 896 2440 μαγικῆς
917 2364 1030 2446 τέχνης,

131 2532 335 2620 partientem,
365 2540 399 2599 et
425 2556 483 2620 per
508 2533 689 2619 hujusmodi
716 2533 996 2620 multiplicationes
1024 2533 1103 2598 illud
1127 2534 1213 2619 quod
1239 2541 1289 2599 est

131 2634 342 2699 inenarrabile
367 2641 401 2699 et
425 2634 698 2720 ⁴incoguoscibile,
723 2634 990 2719 quemadmodum
1011 2641 1049 2698 tn
1072 2632 1159 2711 dicis,
1179 2633 1288 2699 Patris

132 2736 355 2799 enarrantem!
405 2735 450 2797 Et
473 2756 567 2820 quem
591 2734 819 2819 incorporalem
845 2742 879 2799 et
904 2733 1169 2798 insubstantivum
1188 2732 1289 2797 nomi-

132 2856 199 2908 nas,
216 2834 309 2918 hujus
332 2832 500 2899 materiam
526 2840 559 2899 et
584 2834 797 2899 substantiam
819 2855 860 2897 ex
883 2834 991 2897 multis
1016 2833 1127 2910 literis,
1154 2832 1224 2897 aliis
1248 2854 1288 2896 ex

133 2934 201 2999 aliis
215 2935 387 3019 generatis,
403 2934 549 3007 fabricas,
567 2934 634 3019 ipse
653 2932 805 2997 Daedalus
821 2933 915 2998 fictor
937 2941 971 2998 et
996 2934 1087 2997 faber
1103 2932 1205 2997 malus
1225 2933 1289 2998 iac·

132 3041 185 3099 tus
202 3033 431 3098 sublimissimas
448 3033 596 3099 virtutis:
621 3040 655 3099 et
678 3056 774 3119 quam
799 3033 1021 3098 indivisibilem
1043 3033 1122 3097 dicis
1142 3034 1289 3097 substan-

132 3134 222 3209 tiam,
240 3134 272 3196 in
290 3142 404 3209 mutas,
430 3142 463 3199 et
488 3134 620 3208 vocales,
641 3140 675 3198 et
692 3132 894 3197 semivocales
910 3154 1004 3197 sonos
1021 3132 1232 3210 subdividens,
1255 3132 1287 3195 id

133 3233 218 3319 quod
235 3241 283 3298 eat
301 3242 425 3298 mutum
442 3234 474 3297 in
491 3233 549 3309 his,
568 3232 707 3298 omnium
725 3232 818 3297 Patri
840 3244 874 3297 et
898 3232 991 3317 hujus
1015 3231 1184 3295 intentioni
1201 3253 1288 3295 men-

133 3334 225 3409 tiens,
243 3333 276 3397 in
293 3355 448 3399 summam
462 3333 688 3418 blasphemiam
706 3340 740 3397 et
757 3354 906 3420 magnam
918 3331 1117 3417 impietatem
1130 3330 1287 3395 immisisti

133 3456 242 3499 omnes
259 3432 312 3519 qui
331 3434 390 3499 tibi
406 3434 550 3499 credunt.

207 3532 261 3603 17.
308 3532 514 3620 Quapropter
530 3541 564 3599 et
578 3534 665 3620 juste
682 3539 716 3598 et
733 3538 809 3618 apte
826 3532 883 3597 tali
902 3530 1079 3597 temeritati
1096 3537 1162 3595 tuoe
1173 3530 1288 3595 divinae

132 3633 334 3718 aspirationis
357 3634 463 3699 senior
478 3642 513 3700 et
538 3656 643 3721 praeco
660 3632 806 3698 veritatis
827 3633 970 3698 invectus
992 3639 1042 3697 est
1065 3632 1099 3695 in
1116 3639 1161 3709 te,
1180 3630 1288 3697 dicens

133 3754 199 3798 src:

254 3855 409 3917 Idolorum
419 3858 593 3934 fabricator,
615 3860 724 3933 Marce,
746 3868 772 3919 et
787 3870 989 3936 portentorum
1008 3860 1157 3936 inspector,

254 3952 426 4029 Astrolopv'oe
446 3958 574 4031 coquitur
593 3966 620 4015 et
639 3958 759 4033 ηεαρδοω
779 3957 864 4030 artis,

181 4117 353 4177 Ῑῦωωουῦε,
377 4117 421 4166 tbe
442 4118 576 4168 fabricator
595 4120 624 4168 ci
641 4121 685 4169 the
732 4120 854 4184 lcsopby;
881 4121 932 4169 and
957 4136 985 4168 as
1010 4119 1105 4183 having
1130 4119 1217 4167 deified
1242 4121 1286 4169 tho

133 4201 226 4251 Orotan
248 4199 382 4263 labyrinth,
403 4200 474 4264 aptly
491 4200 640 4251 illnstrativa
659 4203 689 4251 ol
734 4203 855 4252 utbvesoi
868 4204 911 4251 the
926 4202 1056 4262 Pleroma3
1073 4202 1120 4251 but
1135 4216 1204 4250 more
1220 4217 1286 4265 espe-

133 4281 330 4332 theMarcosian
341 4296 418 4331 mans.
734 4284 945 4348 cially’davltsaa.
965 4284 1079 4345 01515.
1112 4284 1284 4345 τερατοσκότε,

182 4363 261 4414 ¹'l'bc
288 4364 424 4413 translator
445 4363 566 4429 probably
587 4364 646 4413 read
674 4365 687 4415 t
734 4362 926 4416 Zeiclendeum.
946 4366 987 4415 Su.

134 4447 290 4497 θεόπνευστος
301 4464 342 4508 πρ.
783 4447 864 4497 ⁴'l'be
892 4449 1037 4497 Onnum
1059 4447 1116 4496 MS.
1140 4447 1216 4495 omits
1237 4445 1288 4495 this

182 4528 194 4560 ³
210 4530 357 4589 εἱδυλοποιὲ,
370 4545 397 4577 aa
408 4528 503 4591 having
509 4526 583 4591 given
594 4542 686 4576 amon·
737 4530 814 4590 word,
827 4532 874 4579 but
883 4532 905 4579 it
915 4532 936 4579 is
947 4532 1030 4593 owing
1044 4535 1071 4578 to
1083 4530 1127 4578 tha
1137 4529 1230 4577 similar
1239 4534 1288 4578 ter·

133 4614 216 4659 strons
227 4610 400 4675 development
416 4616 444 4661 to
460 4610 503 4660 tha
518 4610 578 4659 cca
593 4609 621 4658 of
633 4609 687 4674 pbi-
738 4612 860 4660 mination
872 4612 901 4661 ol
908 4628 924 4661 a
934 4612 1067 4676 preceding
1078 4610 1154 4660 word.
