3225 5184
675 398 886 453 mommo.
1309 383 1360 461 37

202 557 332 648 γε’νεσιν
361 556 507 659 εἴληφεν,
533 560 568 632 ῖκ
597 558 633 631 δὲ
660 566 724 633 τοῦ
747 560 898 652 γε’λωτος
927 561 1025 645 αὖθις
1049 560 1093 635 'fd
1121 567 1201 663 φόνι
1235 563 1290 635 Καὶ
1323 564 1360 637 ‘⁹¹‘
1382 576 1514 665 lilii}

201 676 261 751 Τῆς
289 669 474 766 ἐκπλήξεωῖ
497 673 552 743 Καὶ
577 680 636 757 Τῆἳ
658 673 842 769 ἀμηχανίας
868 670 913 746 ‘td
941 672 1115 758 σωματικά
1141 681 1205 749 τοῦ
1230 670 1524 761 κύσμουἪ

202 793 380 879 στοιχεῖα;
406 784 581 869 Βούλομαι
603 784 638 855 δὲ
654 784 708 856 καῖ
726 784 826 863 αὑτὸς
845 798 1098 878 συνεισενεγκεῖν
1114 818 1149 860 τι
1167 790 1211 882 τῇ
1229 820 1358 888 καρπο-

203 896 311 993 φορῖᾳ
335 897 449 967 αὑτῶν.
490 897 629 981 Ἐπειδὴ
653 894 721 996 γὰρ
745 901 812 997 ὁρῶ
837 896 881 970 τά
906 897 966 983 μὲν
992 901 1115 992 γλυκέα
1137 898 1240 972 ὑδατα
1265 904 1356 987 ὄντα,

121 1059 126 1071 .
160 1058 166 1071 ·
204 1004 274 1078 οῖον
300 1006 418 1101 πηγάς,
441 1009 496 1080 καῖ
525 1009 705 1095 ποταμούς,
734 1011 787 1081 καῖ
810 1010 965 1110 ὄμβρους,
989 1012 1044 1082 καῖ
1068 1009 1284 1086 τὰτοιαῦτα·
1309 1012 1356 1087 τά

204 1117 240 1190 δὲ
265 1120 319 1190 ε’τῖ
347 1132 422 1199 ταῖς
452 1118 642 1199 θαλάσσαις
668 1120 812 1222 αλμυρά·
842 1124 961 1195 ἐπινοῶ
983 1124 1028 1208 μὴ
1055 1121 1167 1197 πάντα
1193 1124 1263 1197 dud
1289 1130 1356 1198 τῶν

203 1230 344 1332 δακρύων
369 1235 467 1317 αὑτῆς
496 1237 771 1335 προβεβλῆσθαι,
798 1233 885 1307 διότι
910 1234 955 1308 τδ
978 1232 1115 1336 δάκρυον
1139 1236 1287 1337 α’λμυρδν
1310 1241 1356 1333 τῇ

203 1346 360 1428 ποιότητι
388 1343 540 1445 ὑπάρχει·
574 1345 720 1446 φανερὸν
744 1344 805 1431 οὑν,
827 1349 881 1419 ὅτι
900 1345 945 1419 τὰ
963 1347 1096 1448 α’λμυρῖι
1117 1347 1222 1421 ύδατα
1244 1348 1355 1422 ταῦτά

203 1458 276 1529 ε’στι
295 1455 340 1529 τὰ
358 1457 428 1528 ἆπδ
447 1464 513 1531 τῶν
535 1457 684 1559 δακρύων.
720 1458 824 1536 Εῖκδς
850 1457 885 1530 δὲ
907 1460 1007 1543 αὑτῆν
1034 1462 1068 1529 ἕν
1092 1461 1216 1553 ἆγωνῖᾳ
1240 1468 1360 1556 πολλῇ

126 1622 132 1633 .
167 1624 171 1633 .
201 1569 254 1640 καῖ
281 1570 446 1667 ἀμηχανίᾳ
472 1583 646 1662 γεγονυῖαν
671 1571 725 1641 καῖ
755 1570 931 1670 ῖδρωκέναι·
956 1574 1101 1643 ε’ντειῖθεν
1127 1570 1164 1655 δὴ
1188 1570 1275 1645 κατὰ
1294 1574 1356 1656 τὴν

202 1683 359 1753 ὑπόθεσιν
377 1684 480 1755 αὑτῶν
498 1680 747 1771 ὑπολαμβάνειν
764 1682 820 1766 δεῖ,
840 1681 950 1775 πηγάς
972 1683 1025 1754 καῖ
1049 1684 1229 1769 ποταμοὺς,
1253 1686 1307 1757 καῖ
1325 1686 1358 1757 εῖ

201 1825 276 1867 τινα
298 1794 390 1865 ἄλλα
409 1797 534 1887 γλυκέα
556 1794 661 1867 blara
679 1792 831 1893 ὑπάρχει,
851 1796 911 1878 τὴν
928 1798 1057 1887 γε’νεσιν
1073 1795 1118 1880 μὴ
1136 1792 1178 1902 [l.
1190 1792 1353 1903 μετεσχ.]

201 1908 372 2003 ἐσχηκέναι
393 1906 461 1979 ιἰπδ
481 1913 547 1981 τῶν
564 1906 705 2007 δακρύων
733 1901 919 2014 [ῖδριύτων]
946 1909 1053 1991 αὑτῆς·
1090 1908 1253 1980 ιἰπῖθανον
1277 1907 1354 2009 γάρ,

200 2023 277 2104 μιᾶς
302 2021 484 2103 ποιότητος
513 2024 609 2104 ούσης
636 2026 702 2093 τῶν
732 2018 883 2119 δακρύων,
912 2017 958 2093 τά
986 2018 1046 2104 μὲν
1073 2017 1215 2119 ἁλμυρά,
1245 2019 1290 2094 τά
1320 2020 1355 2093 dd

203 2133 327 2224 γλυκέα
347 2131 451 2203 ὑδατα
471 2131 509 2227 ἐξ
525 2134 630 2204 αὑτῶν
652 2137 838 2232 προελθεῖν·
868 2138 973 2205 τοῦτο
997 2131 1032 2203 δὲ
1054 2134 1289 2231 πιθανώτερον,
1308 2132 1355 2207 τά

201 2244 262 2331 μὲν
280 2242 358 2316 εἶναι
381 2244 450 2316 ἇτδ
467 2250 533 2317 τῶν
556 2243 706 2343 δακρύων,
727 2242 772 2316 τά
797 2242 832 2316 dd
849 2243 919 2316 ἆπδ
941 2249 1008 2316 τῶν
1029 2243 1183 2345 ἱδρώτων.
1213 2245 1355 2331 Ἐπειδὴ

200 2482 321 2549 tionem
338 2490 549 2570 acceperuut:
575 2482 697 2549 derisu
714 2489 824 2549 autem
842 2483 909 2569 ejus
926 2483 1042 2560 lumen,
1061 2483 1102 2550 de
1116 2506 1234 2571 pavore
1246 2491 1355 2551 autem

201 2590 235 2649 et
264 2583 535 2649 inconstabilitate
564 2584 741 2670 corporalia
769 2583 880 2648 mundi
904 2584 1082 2649 elementa!
1134 2582 1218 2648 Volo
1245 2592 1355 2649 autem

201 2682 319 2770 aliquid
340 2690 373 2749 et
395 2706 455 2769 ego
479 2682 624 2749 conferre
648 2682 885 2747 fructificationi
912 2705 1031 2749 eorum.
1083 2682 1244 2759 Quoniam
1270 2682 1355 2747 enim

201 2782 293 2849 video
318 2783 425 2849 dulces
451 2782 578 2868 quidem
603 2783 757 2867 quasdam
782 2804 891 2867 aquas,
908 2790 947 2848 ut
972 2783 1136 2857 fontenet
1161 2780 1301 2859 flumina,
1320 2792 1355 2847 et

200 2881 327 2961 imbres,
346 2889 380 2947 et
397 2882 493 2957 talia;
512 2904 583 2968 qne
599 2889 707 2946 autem
724 2882 849 2949 suntin
865 2882 946 2947 mari
963 2882 1080 2947 salsas:
1105 2880 1274 2946 adinvenio
1291 2902 1356 2947 non

201 2982 308 3046 omnia
333 3003 354 3047 a
380 2980 526 3068 lacrymis
553 2982 621 3068 ejus
650 2981 773 3058 emissa,
802 2982 950 3067 quoniam
977 2982 1125 3069 lacrymae
1158 2980 1249 3045 salsae
1279 2988 1356 3047 suut

201 3080 365 3167 qualitate.
419 3080 628 3146 Manifestum
644 3080 752 3167 igitur,
771 3080 920 3167 quoniam
937 3082 1027 3146 salsae
1048 3103 1140 3166 aquae
1163 3086 1239 3145 sunt
1264 3080 1314 3145 hae
1335 3101 1356 3145 a

200 3180 356 3266 lacrymis.
384 3180 506 3266 Opinon
518 3188 627 3247 autem
642 3202 712 3245 eam
728 3180 762 3245 in
777 3181 893 3267 agonia
908 3188 943 3244 ct
960 3180 993 3243 in
1009 3178 1224 3245 inconstantia
1240 3178 1356 3265 grandi

201 3280 408 3347 constitutam
426 3288 460 3346 et
471 3281 610 3346 sudasse.
638 3279 735 3344 Unde
748 3279 846 3345 etiam
861 3279 1032 3343 secundum
1046 3276 1356 3365 argumentationem

200 3378 341 3465 ipsorum
357 3380 509 3467 nmpicari
526 3386 665 3465 oportet,
682 3378 787 3445 l'ontes
803 3384 837 3443 et
853 3378 992 3454 flumina,
1009 3384 1043 3441 et
1059 3376 1086 3441 si
1102 3397 1173 3461 quse
1189 3382 1265 3440 sunt
1285 3376 1356 3441 alise

201 3501 293 3564 aquae
308 3480 425 3561 dulces,
442 3478 680 3566 generationem
697 3477 844 3543 habuisse
860 3500 880 3542 a
896 3475 1078 3542 ¹sud0ribus
1094 3475 1171 3562 ejus.
1213 3474 1289 3540 Non
1305 3482 1356 3541 est

201 3580 286 3643 enim
305 3579 468 3653 suadibile,
486 3601 557 3644 cum
580 3579 645 3644 sint
668 3577 760 3642 unius
781 3576 945 3663 qualitatis
967 3577 1125 3662 lacrymae,
1147 3576 1265 3642 alteras
1288 3573 1357 3661 qui·

202 3678 274 3743 dem
292 3678 400 3757 salsas,
419 3679 536 3744 ultores
551 3679 658 3743 dulces
675 3700 774 3763 aquas
791 3677 886 3743 exiis
901 3676 1012 3742 exisse.
1043 3675 1115 3741 Hoc
1130 3685 1239 3741 autem
1255 3674 1358 3761 magis

201 3778 365 3857 suadibile,
385 3779 502 3843 alteras
524 3778 652 3863 quidem
672 3799 741 3842 csse
757 3800 778 3842 a
793 3776 950 3863 lacrymis,
968 3777 1087 3842 alteras
1106 3798 1182 3841 uero
1198 3797 1219 3841 a
1235 3774 1358 3840 sudori-

201 3877 268 3943 bus.
321 3878 482 3955 Quoniam
496 3883 604 3942 autem
621 3884 655 3941 et
673 3876 783 3943 calide
800 3882 834 3941 et
851 3883 987 3942 austere
1005 3876 1151 3961 quedam
1167 3882 1243 3939 sunt
1264 3896 1357 3959 aquae

250 4101 260 4134 ¹
271 4102 324 4151 The
334 4102 469 4151 translator
479 4102 570 4167 clearly
580 4102 700 4151 indicates
711 4102 754 4150 the
804 4100 912 4161 ἁλμύρας
923 4096 1049 4146 θαλάσσας
1060 4096 1204 4156 ὑπέστησαν,
1217 4095 1248 4144 ὥς
1264 4096 1290 4154 ἐξ
1305 4095 1357 4143 ὀδό·

200 4183 335 4247 preferable
346 4185 449 4248 reading
459 4184 488 4233 of
496 4186 607 4248 ἱδρώτων,
619 4182 754 4247 supported
804 4198 845 4239 νηι
867 4180 907 4228 καὶ
935 4179 1067 4241 ὅμμυγμοΰ
1094 4178 1175 4225 ἱκανοῦ
1197 4177 1356 4238 προχυθέντα,

200 4262 337 4328 asitisby
348 4265 391 4313 the
405 4270 449 4328 apt
466 4266 597 4328 quotation
609 4246 637 4313 ol
651 4264 753 4323 Gnsnn,
804 4263 834 4312 '0
861 4263 887 4311 δὲ
909 4262 976 4323 ἱδρὼς
997 4261 1042 4319 τῆς
1066 4260 1222 4321 ταλαιπώρου
1247 4257 1359 4318 'ymbe

200 4343 264 4394 from
281 4345 369 4393 Nuus
384 4347 444 4395 Asc.
463 4347 506 4395 the
523 4345 625 4410 disciple
645 4346 674 4393 of
688 4344 713 4393 S.
726 4344 753 4393 J.
804 4345 887 4405 πηγὰς
915 4344 1057 4405 ἐξηρεύξατο
1087 4341 1128 4389 καὶ
1161 4340 1285 4398 ποταμοὺς
1318 4339 1359 4387 καῖ

201 4425 415 4491 01πγινοεύοω(οιὺ
425 4428 541 4491 One-pion.
552 4426 756 4492 Valent.)'Explp
804 4426 907 4486 φρέατα,
927 4425 1011 4483 λῖμνιις
1028 4439 1056 4472 τε
1072 4422 1113 4470 καῖ
1127 4422 1161 4469 τὰ
1183 4421 1237 4480 ε’ξῆς
1254 4420 1357 4480 γλυκέα·

202 4524 231 4557 σε
242 4509 382 4569 ἀπαντῆσαι
393 4511 505 4571 λέγοντα,
524 4511 561 4559 δτι
576 4510 609 4557 τὰ
622 4510 666 4568 μὲν
682 4510 756 4569 πικρὰ
804 4508 884 4555 ταῦτα
911 4506 969 4568 πρὸς
991 4505 1033 4553 τὸν
1054 4503 1097 4552 σὸν
1124 4503 1197 4564 λῆρον
1223 4500 1358 4561 *reuolutus

202 4591 245 4649 τῆς
273 4590 425 4653 ἀνυπάρκτου
452 4592 572 4651 ’Δχιιμὼθ
597 4591 687 4653 δάκρυα
712 4591 755 4638 τὰς
804 4590 918 4649 λέγομεν.
