3225 5184
304 382 372 451 264
605 408 608 413 ¹
691 396 876 451 runcone
899 396 978 451 uon
1003 396 1072 453 ιιι·

137 575 271 662 ¹⁴2³?ssst
246 576 293 616 νι-
307 560 392 627 ratio
402 558 583 626 mentibus¹
592 558 691 626 infixa
701 567 829 626 moveat
844 581 884 625 ea
899 565 934 626 et
947 556 1114 625 revelet
1085 580 1140 637 ιιι,
1146 554 1305 643 quoniam
1313 559 1364 625 e'st
1377 580 1464 624 unus

142 669 219 710 Νι
230 670 260 709 1¹
266 659 408 737 cneus,
426 660 568 726 omnium
586 659 753 726 Dominus.

145 788 294 802 --·
384 763 414 826 6.
466 760 513 826 Et
526 766 661 847 propter
683 754 745 825 hbe
764 759 917 827 Altissimi
939 765 974 826 et
989 758 1228 846 Omnipotentis
1253 758 1463 846 appellationi

308 860 415 927 omnia
430 861 576 947 subjecta
600 868 691 926 sunt:
708 868 743 926 et
759 860 875 947 hujus
866 860 1065 926 rnvocations
1081 860 1180 925 etiam
1193 867 1269 925 ante
1285 860 1463 924 adventum

310 959 441 1026 Domini
455 961 556 1027 nostri
568 961 774 1026 salvabantur
786 960 938 1036 homines,
952 973 987 1027 ιι
996 983 1017 1025 a
1028 958 1193 1047 spiritibus
1203 958 1411 1045 nequissimis,
1425 966 1463 1025 et

309 1060 499 1126 adaemoniis
508 1060 670 1136 universis,
682 1069 717 1126 ιι
727 1061 768 1126 ab
778 1060 1123 1147 ’apostasiauniversaz
1138 1080 1202 1123 non
1212 1058 1303 1144 quasi
1309 1058 1465 1125 vidissent

311 1182 384 1226 eum
396 1160 517 1227 terreni
533 1160 665 1249 spiritus
680 1169 737 1227 aut
755 1162 925 1236 daemones,
936 1161 994 1226 sed
1010 1182 1082 1225 cum
1097 1160 1216 1225 scirent
1231 1158 1380 1245 quoniam
1397 1167 1461 1237 ιιι,

311 1260 365 1347 qui
384 1267 434 1326 ιιι
450 1284 545 1348 super
561 1260 668 1327 omnia
686 1259 784 1338 Deus,
801 1260 891 1347 eujus
916 1267 951 1325 et
967 1260 1199 1326 invocationem
1217 1260 1408 1337 tremebant,
1425 1270 1464 1325 et

311 1360 424 1427 tremit
447 1361 595 1426 universa
619 1366 768 1427 creatura
793 1368 827 1427 ct
850 1360 1048 1447 principatus
1072 1367 1107 1426 ιι
1130 1359 1278 1445 potentia
1296 1368 1332 1424 et
1358 1359 1463 1424 omnis

312 1461 458 1545 subjecta
472 1460 583 1526 virtus.
636 1461 707 1526 Aut
724 1460 866 1546 nunquid
882 1460 915 1525 bi
933 1460 987 1547 qui
1007 1462 1068 1527 sub
1085 1460 1305 1526 Romanorum
1328 1457 1464 1545 imperio

312 1568 398 1641 sunt,
418 1561 560 1648 quamvis
576 1582 738 1647 nunquam
756 1560 895 1627 viderint
912 1559 1154 1646 Imperatorem,
1171 1560 1228 1625 sed
1245 1559 1336 1624 valde
1353 1566 1386 1624 ιι
1404 1582 1465 1645 per

313 1668 444 1741 terram,
462 1668 497 1727 ιι
514 1684 572 1748 per
586 1682 676 1726 mare
699 1660 840 1748 separati
859 1661 902 1726 ab
924 1683 972 1741 co,
991 1666 1183 1747 cognossent
1205 1667 1338 1745 propter
1361 1659 1465 1724 domi·

313 1761 401 1827 nium
432 1784 503 1827 cum
532 1762 585 1847 qui
612 1761 784 1827 maximam
811 1768 1006 1847 potestatem
1032 1761 1131 1826 habet
1157 1759 1371 1846 principatum
1407 1759 1464 1846 qni

314 1869 424 1927 antem
439 1882 535 1947 super
551 1884 609 1927 nos
626 1869 719 1928 eraut
736 1861 851 1948 angeli,
870 1861 918 1927 vel
933 1860 986 1926 ille
999 1882 1094 1946 quem
1110 1859 1219 1925 mundi
1237 1859 1465 1925 fabricatorem

314 1961 435 2037 dicunt,
461 1982 525 2025 non
551 1968 743 2049 cognoscent
770 1961 1033 2047 omnipotentem,
1060 1961 1187 2047 quando
1211 1961 1280 2046 jam
1312 1971 1347 2025 ιι
1371 1967 1466 2025 muta

314 2059 465 2125 animalia
485 2069 626 2125 tremant
652 2069 686 2125 ιι
712 2062 830 2126 cedant
850 2060 909 2125 tali
934 2060 1148 2127 invocationi!
1199 2059 1245 2126 Et
1266 2060 1377 2145 utique
1397 2081 1465 2125 non

314 2158 463 2225 viderunt
480 2181 563 2238 eum,
574 2165 684 2224 tamen
699 2158 830 2225 Domini
845 2160 948 2225 nostri
958 2161 1079 2225 nomini
1089 2162 1234 2247 subjecta
1245 2168 1321 2225 sunt
1335 2160 1463 2225 omnia:

314 2259 359 2324 sic
377 2268 412 2325 et
428 2259 496 2344 ejus
516 2258 571 2345 qni
593 2259 700 2324 omnia
722 2260 798 2325 fecit
815 2269 851 2326 ιι
868 2260 1012 2327 condidit
1029 2262 1192 2341 vocabulo,
1210 2283 1282 2325 cum
1299 2261 1382 2325 alter
1397 2282 1465 2325 non

150 2368 236 2409 orna
236 2370 278 2410 ιι
314 2358 358 2425 sit
378 2380 473 2444 quam
490 2358 557 2443 ipse
572 2382 626 2445 qur
616 2359 796 2424 muudum
814 2360 898 2428 iecit.
950 2359 997 2425 Et
1013 2368 1147 2448 propter
1162 2361 1223 2426 hoc
1239 2360 1348 2425 Judsei
1363 2382 1465 2446 usque

149 2418 248 2502 *im-¹
260 2462 289 2501 ¹²
313 2480 398 2525 nnnc
432 2458 535 2525 hac'
525 2482 595 2545 ipsa
628 2460 777 2526 affatione
811 2461 973 2526 daemonas
1010 2461 1162 2549 effugant,
1196 2462 1324 2547 quando
1356 2460 1505 2526 omniao.
1516 2484 1560 2523 ιιι

314 2559 452 2625 timeant
467 2558 698 2625 invocationem
715 2562 783 2646 ejus
800 2584 855 2647 qur
846 2560 949 2628 'iecit
965 2582 1013 2627 ea.
1055 2560 1090 2626 Si
1107 2562 1217 2648 itaque
1232 2561 1331 2626 mutis
1341 2560 1465 2627 anima-

313 2660 396 2725 libus
413 2659 694 2726 irrationabiliores
709 2661 870 2727 noluerint
885 2661 1015 2748 angelos
1037 2683 1115 2739 esse,
1131 2660 1292 2728 invenient
1315 2661 1465 2748 quoniam

313 2760 495 2847 oportebat,
522 2759 597 2826 licet
624 2781 688 2825 non
713 2761 866 2827 vidissent
889 2762 922 2826 bi
950 2784 1023 2826 eum
1047 2761 1102 2847 qui
1127 2784 1224 2849 super
1247 2762 1354 2827 omnia
1375 2760 1466 2827 Deus

313 2868 374 2938 ιιι,
392 2860 442 2925 nti
455 2866 683 2947 cognoscerent
699 2868 905 2947 potentatum
923 2868 957 2926 et
975 2862 1149 2927 dominium
1164 2863 1243 2948 ejus.
1279 2862 1466 2927 Ridiculum

314 2960 398 3024 enim
426 2980 499 3024 vere
522 2959 701 3045 apparebit,
730 2961 758 3025 si
789 2983 824 3027 se
853 2962 992 3048 quidem,
1023 2961 1077 3048 qui
1103 2984 1199 3049 super
1228 2970 1348 3029 terram
1377 2969 1466 3043 sunt,

314 3080 504 3146 cognoscere
527 3058 637 3125 dicunt
661 3082 733 3125 eum
758 3062 812 3147 qui
837 3084 932 3148 super
957 3063 1064 3128 omnia
1088 3071 1137 3129 ιιι
1154 3062 1252 3142 Dens,
1270 3084 1364 3150 quem
1384 3084 1469 3128 nun·

315 3182 412 3245 quam
434 3158 599 3234 viderunt;
627 3160 657 3226 ei
674 3166 781 3227 autem
805 3162 860 3248 qui
877 3162 1036 3239 odefacit,
1054 3169 1090 3228 ιι
1106 3163 1287 3229 universum
1311 3163 1468 3228 mundum

314 3260 487 3325 secundum
520 3282 583 3338 ecs,
610 3281 675 3326 non
706 3262 907 3347 permittant,
934 3286 1007 3329 cum
1035 3262 1135 3329 sitin
1157 3264 1287 3329 summis
1312 3270 1346 3330 ιι
1368 3285 1469 3350 super

314 3361 420 3438 coelos,
440 3382 630 3447 cognoscere
650 3370 776 3447 ea'quse
792 3362 863 3448 ipsi,
881 3385 979 3448 quum
1001 3362 1065 3428 sint
1086 3364 1118 3428 in
1142 3364 1322 3443 humilibus,
1349 3363 1467 3432 sciunt.

315 3458 389 3524 Nisi
417 3461 502 3526 forte
527 3461 587 3526 sub
614 3470 704 3527 terra
730 3462 763 3526 in
790 3471 917 3529 tartaro
944 3485 1013 3529 esse
1045 3463 1189 3550 Bytbum
1221 3486 1314 3529 suum
1343 3463 1467 3545 dicunt,

313 3567 509 3645 quapropter
537 3568 571 3625 et
606 3561 725 3647 primos
754 3584 789 3627 se
822 3564 1005 3648 cognovisse
1038 3586 1121 3639 eum,
1151 3587 1247 3651 qnam
1280 3564 1314 3644 bi
1345 3562 1400 3650 qui
1433 3564 1469 3628 in

312 3658 483 3723 altitudine
506 3658 655 3725 habitant
679 3660 801 3747 angeli;
830 3661 864 3726 in
885 3671 1011 3729 tantam
1031 3665 1205 3730 amentiam
1228 3664 1399 3739 venientes,
1416 3664 1468 3729 uti

313 3757 494 3823 dementem
517 3760 727 3843 pronuntient
748 3762 860 3827 mundi
880 3763 1124 3829 fabricatorem:
1150 3786 1285 3850 quorum
1300 3786 1375 3829 vere
1398 3764 1470 3849 qui-

312 3857 386 3922 dem
404 3863 453 3923 est
468 3856 619 3937 misereri,
636 3881 709 3924 cum
726 3859 759 3925 in
776 3868 871 3927 tanta
886 3862 1049 3931 dementia
1064 3864 1183 3941 dicant,
1201 3886 1305 3950 neque
1323 3863 1470 3929 Matrem

310 3957 476 4044 agnovisse
508 3979 590 4039 eum,
619 3980 721 4046 neque
753 3983 863 4026 semen
892 3964 970 4049 ejus,
997 3986 1100 4050 neque
1132 3963 1282 4030 Pleroma
1312 3965 1467 4042 AEonnm,

310 4077 413 4143 neque
448 4058 672 4144 Propatorem‚
706 4082 810 4147 neque
843 4062 920 4148 quid
947 4072 1054 4129 essent
1079 4085 1150 4149 quae
1178 4062 1365 4138 fabricavite
1398 4084 1470 4127 esso

309 4162 419 4222 autem
445 4158 599 4245 imagines
624 4181 744 4237 eorum,
769 4182 841 4246 quse
862 4162 949 4227 intra
965 4161 1117 4229 Pleroma
1137 4172 1223 4244 sunt,
1241 4165 1382 4230 latenter
1399 4161 1470 4228 Sal·

309 4263 421 4323 vators
436 4265 571 4344 operato
586 4258 632 4325 sic
649 4259 719 4325 fieri
734 4260 769 4325 in
785 4262 941 4329 honorem
958 4285 1070 4330 eorum
1086 4264 1141 4350 qui
1157 4287 1284 4331 sursum
1300 4271 1388 4331 sunt.

358 4446 369 4479 ¹
386 4446 430 4497 On.
443 4446 541 4511 ι’ψιι,
555 4448 595 4499 is.
609 4449 689 4511 λόγος.
913 4454 946 4503 Et
959 4470 1014 4519 cop.
1028 4468 1069 4521 29.
1100 4454 1218 4506 Βιιιιιιιί
1228 4457 1314 4521 itaque
1324 4456 1384 4505 anni
1398 4454 1468 4518 Nos,

355 4525 424 4578 'Sic
442 4528 484 4579 lit.
507 4544 530 4579 v.
550 4546 605 4592 cop.
624 4544 663 4593 ²4.
711 4530 864 4582 Dominatus
913 4537 961 4586 sub
978 4554 1028 4601 quo
1045 4538 1096 4588 ruit
1111 4538 1234 4589 ἀίιιιὶιιιι
1251 4543 1353 4604 propter
1368 4543 1471 4602 aposta·

308 4610 346 4655 est
365 4606 504 4673 (Diabolus)
527 4610 622 4660 bomini
641 4628 686 4676 per
702 4614 861 4678 apostasiam.
913 4618 984 4667 siam
1008 4618 1162 4682 Gannasco
1172 4618 1446 4672 111,xxxv.rv.1xxi1.
