3225 5184
326 350 393 415 260
683 366 878 421 vacerras
902 356 1124 419 nvncunrn,

161 533 311 623 Lffijpv-f·
325 535 359 593 et
394 550 448 593 eas
474 551 546 614 quae
572 528 627 594 ¹ab
653 552 692 595 eo
721 529 849 595 initium
872 536 1065 616 acceperunt
1088 525 1287 599 emissionem
1321 524 1484 611 usquein

160 629 311 715 “Qu-lv·
325 626 516 713 ignorantia,
527 650 630 715 neque
647 629 678 693 in
696 629 851 716 passione,
865 652 969 715 neque
980 630 1013 693 iu
1026 629 1098 693 labe
1114 623 1376 693 constitutionem
1391 646 1484 689 crea-

163 753 310 763 --
325 726 421 793 tionis
438 728 627 813 permittere
643 731 795 815 accipere.
837 729 902 806 Qui
915 730 999 793 enim
1012 736 1125 815 postea
1141 728 1293 792 emendat
1309 726 1425 803 labem,
1444 734 1483 789 et

323 828 412 892 velut
429 828 586 894 maculam
601 831 754 895 emundat
772 830 905 902 ²labem,
924 829 1028 893 multo
1045 829 1133 914 prius
1149 834 1280 913 poterat
1297 827 1480 899 observare,

323 926 515 1012 nequidem
540 928 633 994 initio
656 930 689 993 in
712 930 776 993 suis
801 929 871 994 fieri
896 928 996 994 talem
1021 927 1187 993 maculam.
1240 925 1304 990 Vel
1329 925 1358 989 si
1383 923 1481 989 initio

324 1025 452 1111 quidem
469 1030 635 1109 noncessit,
654 1029 803 1115 quoniam
824 1030 919 1094 aliter
942 1029 1011 1093 lieri
1034 1050 1099 1092 non
1120 1033 1282 1113 poteraut,
1301 1025 1481 1111 quaefacta

323 1134 415 1200 sunt;
444 1134 573 1213 oportet
599 1137 633 1194 et
652 1151 778 1213 semper
802 1129 848 1193 sic
872 1129 941 1192 lieri
962 1128 1026 1192 illa.
1078 1127 1160 1204 Qua
1185 1126 1269 1190 enim
1295 1124 1387 1189 initio
1411 1146 1480 1189 nou

323 1235 456 1310 possunt
481 1228 737 1293 emendationem
763 1228 938 1314 percipere,
965 1228 1233 1313 quemadmodum
1255 1226 1337 1289 hauc
1361 1232 1479 1309 postea

322 1325 521 1411 percipient!
548 1327 613 1392 Aut
629 1328 897 1414 quemadmodum
912 1328 1055 1393 homines
1072 1326 1220 1392 advocari
1238 1326 1280 1389 ad
1296 1325 1479 1410 perlectum

323 1425 444 1503 dicunt,
455 1449 527 1492 eum
545 1426 598 1492 illa
615 1426 684 1513 ipsa
699 1451 768 1513 qum
782 1436 857 1493 sunt
874 1449 989 1503 causae,
1002 1450 1042 1491 ex
1060 1427 1173 1511 quibus
1189 1425 1267 1490 sacti
1283 1433 1360 1489 sunt
1374 1424 1478 1487 bomi-

322 1546 389 1603 ues,
407 1528 455 1591 vel
471 1526 539 1612 ipse
557 1527 750 1615 Demiurgus
768 1528 819 1593 vel
835 1528 953 1615 Augeli
971 1527 1004 1591 iu
1020 1527 1092 1591 labe
1106 1527 1254 1591 dicautur
1269 1526 1358 1589 maci
1391 1523 1478 1588 Etsi

322 1624 395 1691 ideo
421 1626 506 1712 quod
531 1627 685 1715 benignus
704 1628 757 1705 sit,
775 1628 809 1691 iu
830 1627 1006 1692 novissimis
1031 1627 1229 1711 temporibus
1251 1625 1400 1688 misertus
1423 1633 1478 1689 est

322 1723 485 1791 homiuum
511 1732 545 1791 et
566 1728 743 1812 perfectum
761 1728 806 1793 eis
825 1728 900 1802 dat;
927 1726 1051 1815 illorum
1068 1726 1171 1811 primo
1188 1724 1330 1790 misereri
1351 1724 1477 1799 debuit,

322 1824 377 1910 qui
394 1826 523 1892 luerunt
539 1827 675 1891 hominis
691 1828 840 1905 factores,
859 1835 892 1892 et
909 1828 988 1891 dare
1005 1826 1049 1891 eis
1066 1827 1253 1912 perfectum.
1292 1823 1345 1889 Sic
1362 1824 1478 1909 utique

322 1932 357 1989 et
373 1924 516 1990 homiues
531 1926 766 1993 miserationem
783 1928 1009 2013 percepissent,
1023 1927 1064 1991 de
1076 1925 1225 2011 perfectis
1240 1922 1371 2009 perlecti
1384 1924 1475 1987 sacti.

323 2021 358 2087 Si
392 2023 476 2088 euim
508 2025 613 2110 operis
645 2026 785 2111 ipsorum
820 2028 969 2091 misertus
1002 2032 1061 2104 est,
1090 2024 1194 2090 multo
1226 2026 1314 2109 prius
1348 2024 1476 2087 illorum

320 2122 463 2188 misereri
479 2124 600 2199 debuit,
616 2130 651 2190 et
667 2146 731 2189 non
745 2126 849 2190 sinere
865 2126 899 2189 iu
915 2133 1043 2191 tautum
1060 2124 1214 2191 caecitatis
1231 2124 1340 2188 venire
1357 2146 1421 2188 eos.

395 2226 425 2288 4.
479 2222 632 2288 Solvetur
657 2232 765 2289 autem
792 2247 902 2290 eorum
928 2233 962 2289 et
992 2226 1045 2289 ille
1072 2226 1126 2311 qui
1152 2234 1202 2289 est
1228 2223 1270 2287 de
1298 2224 1413 2288 umbra
1438 2232 1477 2289 et

320 2342 421 2387 vacuo
448 2344 563 2399 senno,
597 2323 629 2387 iu
659 2324 772 2410 quibus
799 2347 872 2389 eam
897 2347 968 2410 quoe
993 2334 1043 2390 est
1065 2325 1240 2390 secuudum
1265 2345 1323 2388 nos
1352 2324 1475 2387 factam

321 2421 433 2487 dicunt
458 2422 682 2503 conditionem,
700 2424 727 2489 si
752 2424 786 2488 iu
805 2425 856 2489 his
884 2448 954 2511 quse
984 2426 1190 2492 continentur
1213 2447 1233 2489 a
1258 2423 1360 2488 Patre
1384 2424 1476 2488 facta

320 2530 396 2587 sunt
412 2522 490 2589 hoeo.
543 2523 578 2589 si
595 2524 678 2589 euim
695 2532 866 2610 paternum
884 2525 1009 2590 illorum
1027 2525 1133 2589 lumen
1150 2525 1216 2590 tale
1233 2523 1415 2610 opinantur,
1432 2533 1474 2589 ut

320 2624 427 2689 omnia
444 2623 617 2710 adimplere
634 2626 819 2711 possitquae
833 2623 920 2691 iutra
931 2648 1004 2690 eum
1016 2633 1101 2704 sunt,
1114 2632 1147 2690 et
1162 2625 1269 2690 omnia
1281 2623 1472 2702 illuminare,

319 2726 587 2807 quemadmodum
602 2746 736 2791 vacuum
756 2734 790 2791 et
815 2727 929 2791 umbra
951 2726 984 2789 iu
1004 2725 1054 2789 his
1077 2748 1147 2810 quaa
1163 2748 1184 2790 a
1199 2725 1383 2789 Pleromate
1400 2730 1434 2789 et
1451 2748 1473 2789 a

317 2830 454 2907 paterno
471 2823 588 2890 lumine
605 2824 821 2901 eontinentur,
839 2833 969 2911 poterat
984 2827 1073 2890 essei
1103 2825 1244 2910 Oportet
1256 2824 1340 2887 euim
1354 2845 1408 2887 eos
1421 2826 1473 2888 'et

316 2920 420 2987 locum
452 2924 622 2989 ostendere
650 2924 738 2989 iutra
765 2924 988 3011 Propatorem,
1017 2932 1074 2991 aut
1103 2924 1190 2990 iutra
1219 2924 1379 3001 Pleroma,
1405 2944 1471 2987 uon

316 3019 533 3088 illuminatum
559 3044 617 3087 uec
643 3030 808 3089 retentum
831 3025 873 3089 ab
898 3025 1015 3111 aliquo,
1041 3025 1075 3089 iu
1097 3048 1160 3111 quo
1188 3032 1246 3088 aut
1269 3023 1387 3109 Angeli
1412 3036 1470 3088 aut

318 3117 513 3210 Demiurgus
535 3123 612 3189 lecit
635 3146 831 3209 quaecunque
855 3125 966 3191 voluit.
1019 3124 1087 3189 Nec
1112 3125 1197 3189 euim
1218 3124 1362 3187 modicus
1382 3124 1471 3187 locus

317 3227 376 3297 est,
397 3221 430 3286 in
456 3246 519 3309 qno
541 3230 635 3289 tauta
661 3231 695 3289 et
720 3224 795 3289 talis
820 3225 962 3289 conditio
983 3224 1070 3290 lacta
1093 3232 1152 3289 est.
1205 3223 1387 3288 Necessitas
1408 3223 1470 3287 erit

315 3318 426 3406 itaque
460 3324 617 3403 universa,
648 3322 734 3388 intra
770 3324 920 3388 Pleroma
947 3329 1005 3389 aut
1039 3324 1127 3390 iutra
1161 3323 1295 3388 Patrem
1329 3322 1470 3408 ipsomm

315 3419 461 3487 localiter
477 3446 611 3489 vacuum
630 3423 750 3509 aliquid
768 3432 801 3488 et
820 3424 955 3488 informe
972 3433 1007 3490 et
1023 3424 1228 3489 tenebrosum
1245 3415 1333 3487 ⁴lieri
1355 3446 1418 3500 eos,
1436 3422 1470 3486 in
1557 3460 1574 3497 ς

317 3541 380 3604 quo
398 3522 556 3589 fabricata
572 3531 659 3601 sunt,
679 3544 750 3610 quae
766 3524 925 3588 fabricata
944 3534 1028 3589 sunt.
1082 3522 1319 3588 Incusationem
1346 3546 1470 3608 quoque

315 3619 449 3704 recipiet
464 3629 634 3707 paternum
651 3623 792 3708 ipsorum
804 3623 921 3697 lumen,
936 3624 1026 3709 quasi
1043 3644 1107 3687 uon
1123 3623 1224 3708 possit
1241 3644 1280 3687 ea
1297 3645 1367 3707 quae
1383 3622 1471 3688 iutra
1486 3650 1513 3689 o.
1525 3650 1559 3688 121

315 3715 419 3801 ipsum
446 3728 522 3786 suut
549 3720 737 3797 illuminare,
768 3728 802 3786 et
835 3723 974 3808 implere.
1037 3722 1156 3788 Adhuc
1186 3737 1295 3788 autem
1322 3730 1356 3787 et
1389 3722 1470 3788 labis

314 3816 456 3882 fructum
482 3818 626 3885 dicentes
660 3842 708 3897 ea,
734 3828 769 3886 et
798 3823 916 3888 erroris
949 3845 1091 3908 operam,
1124 3822 1229 3888 labem
1263 3829 1298 3888 et
1328 3844 1470 3887 errorem

314 3915 467 3986 inducent
482 3917 569 3985 intra
586 3919 748 3997 Pleroma,
767 3928 800 3987 et
818 3922 851 3986 in
867 3923 971 3987 sinum
989 3922 1108 3989 Patris.

362 4079 464 4141 ¹altcc,
485 4081 868 4132 Gmuuudcrstandstoreier
915 4085 1015 4144 matrix,
1040 4098 1068 4132 as
1090 4083 1133 4131 the
1155 4082 1260 4131 Gnostic
1285 4082 1417 4147 imaginsd,
1443 4080 1473 4129 cf

313 4168 341 4211 tc
359 4163 402 4212 the
421 4162 565 4227 Demiurge.
600 4164 730 4213 Massam*
746 4164 796 4213 aad
810 4163 865 4212 Sn-
916 4164 972 4212 evil.
1005 4164 1058 4213 AB.
1071 4164 1142 4213 reads
1153 4170 1301 4226 occeperunt

313 4254 383 4291 nun
404 4244 480 4309 adopt
504 4246 548 4294 tha
570 4260 637 4294 same
658 4246 729 4305 view,
754 4246 802 4295 but
823 4246 866 4294 the
965 4243 1077 4308 'labent
1089 4246 1206 4310 repeated
1216 4247 1445 4311 perhapsinerror.

312 4326 448 4377 translator
460 4343 509 4390 pro
525 4342 569 4377 sao
585 4342 648 4375 aton
664 4342 722 4390 may
739 4328 803 4375 have
820 4327 865 4375 lol-
964 4326 1044 4377 ''l'he
1055 4329 1155 4378 Guuuu.
1174 4328 1224 4377 and
1241 4330 1292 4379 Aa
1312 4328 1388 4378 MSS.
1406 4328 1468 4379 both

313 4408 393 4457 lowed
409 4410 453 4458 the
469 4409 640 4474 grammatica}
657 4410 763 4457 concord
780 4410 810 4457 ol’
823 4410 867 4459 the
915 4410 974 4460 read
985 4419 1013 4472 rt,
1023 4412 1127 4461 omitted
1138 4413 1172 4476 by
1183 4412 1270 4460 Mass
1283 4412 1333 4460 aud
1344 4411 1466 4460 Susura.

312 4496 401 4539 neuter
419 4492 548 4553 ὑστέρημα,
568 4492 611 4540 the
630 4491 710 4555 origin
732 4490 761 4539 cf
780 4490 865 4540 Demi·
964 4492 976 4524 ⁴
980 4493 1094 4554 fim‘eoa
1112 4494 1242 4543 Massuur
1251 4494 1401 4554 conjectures
1411 4494 1469 4541 that

314 4586 382 4634 urge,
400 4571 450 4621 and
463 4574 492 4623 ol
506 4575 548 4623 the
562 4573 675 4623 material
689 4572 806 4635 creatiou,
823 4574 866 4623 the
915 4576 958 4624 the
967 4575 1050 4625 Greek
1056 4575 1106 4625 had
1113 4576 1233 4626 ποιεῖσθαι
1240 4576 1331 4636 adroic,
1337 4574 1418 4623 which
1424 4575 1468 4623 the
