3225 5184
305 373 369 439 100
757 386 1017 442 veneramus.

148 577 283 663 ¹5¹{·1¹‚'·,¹·
305 547 581 646 προβεβλῆσθαι,
594 549 629 630 ῆς
640 546 684 618 τό
696 547 755 630 μέν
767 578 802 619 τι
818 547 963 645 Πατίρα
978 541 1142 646 ὀνομάζει,
1155 542 1200 615 τό
1220 542 1256 614 δὲ
1265 543 1456 627 Ἀλῆθειαν.
1470 565 1496 603 ⁰·
1505 568 1537 603 ³0·

140 671 292 756 Q
303 658 369 730 Ἐκ
389 656 424 729 δὲ
442 666 501 743 τῆς
516 656 681 759 τετράδος
700 660 822 742 ταύτης
838 661 1134 758 καρποφορεῖσθαι
1148 654 1272 748 Λόγον
1288 656 1343 727 καί
1356 656 1456 738 Ζωῆν,

298 771 503 871 Ἄνθρωπον
520 772 575 843 καὶ
590 771 807 853 Ἐκκλησίαν·
839 770 919 841 εἷναί
937 803 977 843 τε
998 771 1121 851 ταιίτην
1140 766 1290 861 ὀγδοάδα
1314 771 1456 868 πρώτην.

305 883 376 954 Καί
402 882 472 955 α’πό
494 882 554 968 μὲν
577 889 640 955 τοῦ
666 883 789 976 Λόγον
811 883 867 955 καί
892 891 951 965 τῆς
977 883 1065 964 Ζωῆς
1088 880 1164 954 δίκα
1191 878 1335 965 δυνάμεις
1364 881 1457 971 λε’γει

305 997 579 1096 προβεβλῆσθαι,
610 996 713 1074 καθὼς
742 1001 990 1095 προειρήκαμεν·
1028 992 1099 1066 ιἰπό
1121 992 1158 1064 δὲ
1179 999 1243 1066 τοῦ
1257 993 1459 1092 Ἀνθρώπου

303 1108 358 1180 καὶ
376 1115 434 1190 τῆς
454 1108 653 1192 Ἐκκλησίας
676 1106 805 1192 δώδεκα,
823 1109 866 1179 ι’όν
882 1109 960 1191 μίαν
977 1108 1182 1178 ἀποστᾶσαν
1198 1107 1252 1176 καὶ
1274 1109 1458 1204 ric-reprica-
1470 1127 1500 1166 Μ.
1511 1130 1542 1168 22

261 1247 266 1252 ·
306 1251 379 1304 σαν,
412 1221 472 1304 τῆν
502 1222 623 1304 λοιπῆν
653 1221 889 1319 πραγματείαν
921 1223 1135 1301 πεποιῆσθαι.
1179 1216 1305 1318 Ὅρους
1333 1249 1373 1290 τι
1402 1216 1458 1289 δύο

304 1333 457 1416 ὑπέθετο,
484 1333 537 1403 ἕνα
566 1330 625 1416 μὲν
650 1330 778 1426 μεταξὺ
800 1339 864 1404 τοῦ
886 1333 1000 1403 Βνθοῦ
1015 1331 1069 1401 καί
1092 1336 1155 1404 τοῦ
1173 1336 1297 1402 λοιποῦ
1313 1329 1459 1428 Πληρῶ-

305 1475 421 1528 ματος,
440 1443 633 1547 διορίζοντα
658 1444 734 1521 τοὺς
762 1445 934 1535 γεννητοίνς
959 1443 1088 1519 Αίῶνας
1105 1441 1175 1514 άπὸ
1194 1448 1257 1515 τοῦ
1277 1443 1459 1533 ἆγεννῆτου

305 1556 458 1656 Πατρός·
510 1559 625 1658 ἕτερον
661 1556 696 1626 δὲ
735 1555 796 1628 τόν
833 1555 1046 1656 ἇφορίζοντα
1085 1556 1174 1644 αὑτῷ
1216 1548 1361 1660 [αὐτῶν]
1399 1555 1458 1636 τῆν

303 1671 431 1769 μητέρα
449 1667 519 1742 dard
537 1677 600 1742 τοῦ
616 1670 862 1768 Πληρώματος.
892 1668 963 1738 Καὶ
989 1667 1049 1738 τὸν
1073 1667 1231 1764 Χριστόν
1249 1665 1284 1736 δὲ
1304 1668 1359 1736 orie
1388 1665 1458 1737 άπό

304 1787 370 1853 τῶν
389 1783 421 1852 ἕν
446 1786 496 1872 τῷ
515 1781 725 1882 Πληρῶματι
743 1781 877 1852 Αίῶνων
899 1782 1172 1880 προβεβλῆσθαι,
1201 1778 1292 1849 άλλὰ
1310 1777 1374 1847 ὑπό
1400 1787 1459 1861 τῆς

303 1893 438 1991 μητρός,
454 1893 516 1989 ἔξω
529 1891 668 1999 ι[ειιρηοῖ.
682 1888 735 1998 δὲ]
753 1895 933 1984 γενομένης,
951 1890 1037 1963 κατά
1053 1893 1112 1974 τῆν
1130 1894 1259 1982 γνώμην
1272 1897 1339 1964 τῶν
1350 1923 1459 1991 κρειτ-

305 2007 409 2077 τόνων
432 2007 673 2089 άποκεκυῆσθαι
696 2003 783 2088 μετά
810 2009 903 2081 σκιᾶς
931 2036 1030 2081 τινος.
1074 2005 1143 2073 Καί
1167 2009 1289 2075 τοῦτον
1308 2001 1375 2087 μὲν,
1397 2003 1458 2074 ἅτε

306 2115 424 2214 άῤῥενα
445 2115 651 2217 ὑπάρχοντα,
671 2117 902 2212 ἀποκόψαντα
927 2117 988 2215 dds
1016 2119 1134 2187 ἑαυτοῦ
1161 2116 1221 2198 τῆν
1247 2113 1350 2200 σκιάν,
1381 2117 1457 2186 άνα-

306 2227 439 2328 δραμεῖν
457 2232 501 2306 εἷς
520 2229 562 2301 τό
579 2229 764 2328 Πλῆρωμα.
805 2230 876 2313 Τῆν
896 2227 931 2299 δὲ
948 2231 1076 2327 μητέρα
1091 2232 1354 2327 ὑπολιιφθεῐσαν
1371 2226 1457 2312 μετά

304 2349 363 2424 τῆς
379 2345 482 2427 σκιάς,
504 2343 711 2424 κεκενωμένην
732 2374 772 2414 τε
789 2350 847 2424 τῆς
865 2349 1078 2424 πνευματικῆς
1101 2338 1326 2425 ὑποστάσεως,
1344 2344 1458 2440 ἕτερον

305 2504 470 2584 dualitate,
497 2507 667 2570 secundam
690 2507 879 2572 dualitatem
910 2507 1066 2577 emissam,
1093 2505 1183 2591 cujus
1211 2505 1296 2569 aliud
1330 2505 1457 2591 quidem

306 2604 439 2670 Patrem
459 2613 562 2685 vocat,
579 2606 665 2670 aliud
688 2613 796 2670 autem
814 2606 1006 2670 Aletheiam.
1060 2605 1113 2668 Ex
1130 2605 1190 2669 hac
1207 2614 1315 2668 autem
1331 2613 1458 2690 quater-

305 2705 436 2770 natione
462 2705 648 2770 fructificari
679 2706 790 2792 Logon
813 2715 847 2771 et
872 2705 970 2780 Zoen,
996 2705 1190 2788 Anthropon
1215 2712 1249 2770 et
1272 2703 1457 2771 Ecclesiam.

307 2803 387 2868 Esse
403 2813 511 2870 autem
528 2805 610 2870 hane
628 2804 864 2870 oet-ouationem
881 2804 1025 2889 primam.
1079 2803 1123 2867 Et
1141 2825 1161 2867 a
1176 2803 1264 2889 Lego
1279 2803 1405 2886 quidem
1423 2814 1458 2869 et

306 2903 373 2967 Zoe
397 2903 506 2967 decem
532 2904 666 2968 virtutes
688 2903 766 2969 dicit
792 2903 930 2977 emissas,
948 2904 1031 2969 sieut
1056 2903 1265 2989 praediximus.
1313 2900 1368 2964 Ab
1387 2901 1455 2964 An-

306 3001 424 3087 thropo
443 3009 551 3066 autem
575 3009 608 3067 et
624 3001 767 3067 Ecclesia
784 3027 838 3066 xu.
862 3026 902 3068 ex
927 3003 1040 3088 quibus
1063 3025 1158 3067 unam
1184 3000 1397 3064 discedentem
1421 3011 1456 3064 et

271 3181 274 3186 Ι
306 3101 505 3176 destitutam,
534 3102 688 3188 reliquam
719 3101 957 3187 dispositionem
984 3102 1102 3167 fecisse.
1154 3099 1321 3165 Terminos
1347 3109 1457 3164 autem

305 3202 384 3267 duos
401 3201 552 3268 adhibet:
574 3224 673 3266 unum
688 3202 815 3288 quidem
833 3202 918 3266 inter
935 3202 1077 3288 Bythum
1093 3210 1127 3266 ct
1148 3203 1265 3287 [suppl.
1283 3198 1454 3285 reliquum]

305 3301 464 3376 Pleroma,
476 3302 743 3366 determinantem
759 3309 853 3366 natos
863 3303 984 3366 AEones
997 3302 1037 3364 ab
1052 3301 1171 3365 infecto
1185 3301 1300 3372 Patre;
1320 3300 1456 3364 alterum

304 3422 378 3466 vero
403 3408 604 3487 separantem
627 3401 752 3465 illorum
774 3408 909 3465 matrem
936 3423 956 3464 a
980 3401 1170 3464 Pleromate.
1219 3399 1265 3463 Et
1295 3399 1456 3463 Christum

304 3509 412 3563 autem
430 3522 494 3564 non
506 3501 546 3564 ab
560 3499 609 3563 his
627 3500 679 3584 qni
694 3506 768 3565 sunt
785 3499 819 3562 in
833 3501 1016 3565 Pleromate
1028 3499 1186 3563 AEonibns
1199 3498 1356 3571 emissum,
1368 3499 1422 3562 sed
1437 3521 1456 3562 a

302 3598 422 3662 matre¹
440 3599 517 3663 foris
534 3606 641 3664 autem
656 3599 742 3664 lacta
755 3600 928 3664 secundum
942 3599 1143 3663 ²memoriam
1154 3599 1320 3663 meliorum
1330 3597 1455 3662 enixam

305 3695 465 3783 [enixum]
484 3719 552 3761 esse
572 3719 643 3764 eum
668 3699 805 3784 quadam
827 3700 950 3765 umbra.
1004 3698 1050 3762 Et
1075 3698 1159 3762 hunc
1184 3698 1321 3783 quidem.
1340 3697 1457 3782 quippe

303 3815 375 3858 cum
388 3802 473 3859 esset
489 3796 655 3872 masculus,
669 3797 839 3862 abscidisse
849 3822 869 3862 a
881 3796 1051 3882 semetipso
1063 3798 1220 3866 umbram,
1234 3806 1267 3861 et
1278 3817 1457 3883 regressum

303 3892 336 3958 in
354 3893 509 3962 Pleroma.
562 3895 705 3961 Matrem
722 3906 832 3962 autem
848 3897 1049 3962 subrelictum
1072 3898 1131 3960 sub
1149 3897 1271 3972 umbra,
1291 3907 1458 3960 vacuatam

304 4047 470 4105 ἀγαπώμενον.
508 4047 648 4110 Προίβαλεν
670 4051 710 4096 οῦν
732 4051 773 4104 καί
794 4049 858 4109 &yer-
902 4043 1225 4110 facth‚which1restore;
1242 4048 1305 4097 trin
1318 4048 1361 4095 the
1376 4046 1459 4096 Greek

303 4143 375 4184 νησιν
394 4127 465 4177 αὐτὸς
487 4127 500 4176 ὀ
518 4130 608 4190 πατὴρ,
634 4129 718 4192 ὥσπερ
735 4129 764 4188 ἥν
780 4131 857 4190 μόνος,
906 4145 967 4193 may
983 4131 1047 4178 have
1063 4130 1125 4178 been
1143 4129 1220 4193 easily
1236 4127 1358 4177 absorbed
1374 4129 1399 4175 in
1416 4129 1460 4177 the

303 4205 368 4254 Νοῦν
384 4207 573 4269 καίἊλήθειαν,
587 4211 792 4268 τοισέστιὸνόδα,
807 4210 860 4269 rim
908 4211 1033 4273 following
1044 4229 1095 4272 γεν,
1118 4211 1172 4259 The
1182 4209 1285 4274 particle
1296 4209 1381 4257 marks
1392 4224 1460 4258 mone

303 4287 372 4348 κυρία
383 4290 423 4335 καὶ
435 4290 499 4350 ἁρχὴ
510 4291 597 4352 γέγονε
609 4292 649 4338 καί
664 4293 745 4352 μήτηρ
762 4292 859 4339 πάντων
907 4292 1020 4356 strongly
1030 4292 1087 4340 that
1096 4293 1147 4340 thie
1158 4291 1461 4350 exertaeowaswithout

302 4369 352 4416 τῶν
368 4369 434 4419 ἐντὸς
453 4372 498 4418 τοῦ
520 4373 681 4434 πληρώματος
702 4374 859 4432 καταριθμον·
907 4373 951 4420 the
963 4373 1084 4422 Pleroma.
1119 4373 1207 4422 Meae.
1221 4374 1267 4420 has
1281 4371 1462 4432 mutrcmfcn'e

302 4449 491 4506 μίνωνλὶώνων.
517 4451 582 4500 [tie.
902 4453 1005 4516 foetam.
1040 4454 1122 4518 Scep.
1136 4469 1176 4515 41.

352 4525 431 4577 ¹'Ibe
452 4531 559 4580 Anunn.
584 4531 640 4581 Ms.
665 4531 679 4578 1
706 4531 787 4590 think,
813 4533 858 4580 hae
956 4533 1128 4598 ’Indieating
1144 4537 1187 4583 the
1203 4535 1340 4598 preferable
1356 4534 1462 4597 reading

324 4609 431 4658 reserred
447 4611 490 4658 the
503 4616 559 4660 true
573 4613 684 4676 reading,
698 4613 765 4674 soris
778 4622 859 4661 αιιιιοι
907 4615 1006 4673 μνήμην.
