3225 5184
329 347 470 415 clxxviii
733 362 930 414 eaonocus
952 361 1075 413 raom.

328 517 520 584 discussione
539 516 701 603 perquirit.
747 515 820 580 Hoc
835 515 941 600 itaque
955 514 1048 579 modo
1069 512 1290 579 sordidissimis
1310 510 1482 599 phantasiis

328 620 484 686 baereticae
509 618 684 685 dolositatis
706 618 909 682 solertissime
933 616 1143 702 deprehensis,
1168 625 1200 681 et
1223 614 1361 679 fidelium
1386 611 1482 679 ocrdis

328 723 483 809 patienter
514 720 675 808 expositis,
699 720 740 785 ad
772 718 918 784 ultimum
943 739 1114 796 venenosos
1139 716 1289 795 surculos,
1316 712 1483 780 salutiferis

329 826 484 891 radicibus
505 823 680 889 adulterina
702 822 895 908 plantatione
918 821 1062 899 insertos,
1088 820 1261 905 multiplice
1287 818 1408 907 ¹f[alce
1434 815 1480 901 di]

329 930 470 993 vinarum
491 927 714 993 auctoritatum
728 924 892 1010 exstirpat,
907 923 1017 1011 abjicit
1031 932 1064 988 et
1082 922 1195 988 culcat.
1241 921 1394 1009 Ejusdem
1409 941 1483 1007 quo

330 1053 390 1116 que
412 1030 595 1097 intentionis
616 1028 790 1108 occasione,
805 1049 869 1092 non
890 1027 993 1093 solum
1014 1048 1084 1113 quse
1103 1027 1145 1090 ab
1158 1026 1316 1091 haereticis
1338 1030 1483 1107 cormpte

330 1144 404 1198 sunt
424 1133 562 1220 corrigit,
578 1133 633 1198 sed
655 1132 780 1217 insuper
800 1130 899 1194 multa
919 1129 958 1194 de
978 1129 1086 1206 veteri,
1107 1128 1206 1193 multa
1224 1128 1264 1193 de
1279 1148 1358 1192 novo
1373 1125 1483 1191 Testa·

329 1243 446 1315 mento,
462 1235 503 1300 ad
518 1234 745 1303 munimentum
760 1253 841 1297 verce
855 1231 939 1309 lidei,
950 1230 1084 1296 fideliter
1097 1239 1131 1295 et
1144 1230 1316 1295 luculenter
1330 1227 1469 1315 exponit.

396 1442 462 1509 111.
509 1442 590 1507 Sunt
610 1448 717 1505 autem
739 1440 876 1525 quinque
896 1460 1009 1518 causae,
1025 1460 1095 1524 quae
1114 1446 1275 1523 sumptum
1294 1444 1327 1500 et
1347 1435 1484 1499 laborem

330 1548 424 1633 hujus
442 1548 511 1613 libri
526 1546 751 1613 transcribendi
771 1568 835 1610 non
853 1547 971 1623 sinunt,
987 1554 1023 1610 ut
1036 1553 1193 1633 putamus,
1211 1541 1359 1609 aestimari
1379 1563 1484 1627 super-

330 1650 437 1717 fluum.
484 1650 601 1730 Prima,
618 1650 701 1737 quod
719 1671 864 1737 perrarus
885 1658 945 1728 est,
960 1650 1133 1715 haereseum
1150 1646 1286 1725 silentio,
1301 1644 1385 1731 quod
1402 1665 1484 1708 nunc

330 1753 423 1817 solito
437 1752 649 1818 vehementius
665 1752 873 1838 interruptum
887 1761 946 1830 est,
961 1753 1003 1817 ad
1022 1752 1091 1837 ejus
1112 1772 1204 1815 usum
1219 1770 1308 1836 paene
1329 1746 1485 1812 neminem

331 1856 517 1941 impellente.
574 1854 728 1932 Secunda,
751 1855 835 1942 quod
858 1862 967 1919 auctor
989 1855 1058 1940 ejus
1078 1852 1286 1940 antiquitatis,
1309 1859 1343 1916 et
1361 1858 1485 1935 aposto

331 1956 431 2021 lorum
455 1956 647 2042 temporibus
668 1956 787 2021 vicinus
809 1956 942 2034 exstitit,
963 1964 996 2020 et
1022 1955 1092 2020 ideo
1114 1955 1176 2019 lide
1198 1954 1321 2040 dignus.
1367 1950 1484 2028 Tertia,

332 2059 414 2147 qnod
432 2081 502 2145 quae
521 2059 560 2124 de
578 2058 734 2124 haereticis
755 2058 874 2138 scribit,
890 2080 953 2123 non
973 2058 1149 2143 omniaper
1162 2058 1277 2121 famam
1292 2055 1414 2132 didicit,
1429 2055 1486 2119 sed

331 2163 464 2253 plurima
485 2163 524 2227 de
538 2162 588 2226 his
605 2171 776 2248 praesenter
790 2162 831 2226 ab
850 2162 898 2227 eis
914 2161 1033 2226 audivit
1055 2161 1169 2239 doceri,
1185 2169 1218 2225 et
1240 2160 1318 2226 vidit
1337 2156 1483 2235 exerceri,

331 2273 440 2352 utpote
463 2287 571 2330 eorum
594 2274 751 2348 σύγχρονος,
769 2264 802 2329 id
822 2272 881 2342 est,
897 2272 1176 2350 contemporaneus
1195 2273 1229 2328 et
1246 2260 1484 2348 comprovincia-

332 2367 381 2433 lis.
426 2368 555 2450 Quarta,
579 2368 662 2454 qnod
687 2369 726 2433 de
752 2366 924 2433 haeresibus
944 2365 1027 2431 illins
1055 2367 1206 2453 temporis
1229 2386 1321 2431 nemo
1352 2364 1484 2451 plenius,

332 2470 397 2535 sire
423 2470 545 2555 planius
567 2470 706 2535 noscitur
730 2470 919 2555 disputasse.
966 2468 1093 2551 Quinta,
1109 2469 1193 2556 quod
1213 2490 1302 2534 arma
1322 2466 1487 2531 militantis

334 2572 496 2651 Ecclesiae,
512 2573 694 2661 'aliquantae
709 2572 796 2659 pacis
811 2572 974 2637 occasione
988 2572 1139 2659 neglecta,
1154 2572 1296 2638 resarciri
1310 2572 1380 2659 plus
1394 2570 1488 2636 solito

332 2698 459 2742 neccsse
480 2684 549 2755 est,·
563 2676 646 2763 quia,
671 2675 832 2740 defensore
851 2676 919 2760 jam
936 2696 1017 2752 raro,
1034 2675 1174 2761 tyrannis
1194 2675 1342 2741 haeretica
1362 2675 1396 2738 in
1416 2694 1488 2739 eam

332 2786 422 2843 tanto
445 2777 598 2843 crudelius
619 2785 737 2862 quanto
756 2774 913 2862 impunius
934 2775 1044 2861 incipit
1057 2776 1186 2842 efferari.

382 2981 393 3013 ¹
410 2982 463 3031 The
480 2980 596 3031 brackets
613 2985 741 3053 represent
758 2996 774 3029 a
789 2980 846 3029 bole
861 2981 888 3029 in
939 2982 1003 3046 mhly
1016 2982 1080 3031 refer
1095 2986 1124 3030 to
1138 2982 1181 3031 the
1193 2982 1301 3044 position
1312 2980 1341 3029 of
1355 2980 1445 3029 ὃοοτιιε
1461 2996 1489 3028 aa

333 3064 377 3113 the
387 3064 544 3128 parchment.
936 3064 1054 3129 enjoying
1072 3064 1117 3113 the
1135 3064 1225 3113 favour
1242 3062 1292 3112 and
1309 3063 1447 3127 protection
1463 3062 1493 3110 of

383 3145 471 3195 ¹Thia
480 3145 614 3195 indication
623 3146 651 3194 ol
659 3160 725 3193 some
733 3143 887 3194 activeform
937 3143 1039 3192 charles
1061 3144 1104 3193 the
1126 3142 1199 3191 Bald.
1237 3142 1290 3191 The
1312 3143 1371 3192 date
1390 3144 1419 3192 of
1438 3144 1490 3193 thia

334 3226 364 3276 cf
376 3242 450 3287 error,
469 3226 564 3289 raising
578 3226 612 3274 its
627 3224 690 3274 head
701 3224 766 3273 aster
776 3240 792 3273 a
802 3223 889 3288 period
937 3226 1062 3287 prolapsu,
1081 3224 1211 3283 therefore,
1231 3240 1291 3288 may
1308 3225 1339 3273 be
1357 3225 1444 3289 placed
1461 3232 1491 3275 at

334 3310 363 3358 cf
376 3309 543 3373 comparative
554 3306 720 3371 tranquillity,
736 3322 822 3371 agrees
833 3306 889 3354 well
937 3307 1015 3356 about
1025 3307 1074 3369 853
1086 3318 1140 3356 an.

334 3392 395 3442 with
406 3392 450 3441 the
461 3391 616 3457 supposition
628 3392 684 3439 that
697 3390 811 3450 Fnonns,
822 3389 887 3437 Dea-
986 3387 1102 3437 Another
1111 3388 1213 3437 trectise
1223 3388 1257 3452 by
1268 3386 1376 3437 Fnom
1388 3404 1448 3453 may
1459 3389 1491 3437 be

334 3490 381 3523 con
397 3474 425 3523 of
440 3474 534 3537 Lyonr,
552 3488 603 3521 was
618 3473 710 3521 author
724 3472 752 3519 of
765 3472 817 3521 this
828 3471 888 3519 Pro·
938 3469 1088 3531 mentioned,
1106 3486 1134 3518 as
1150 3468 1185 3534 by
1195 3485 1228 3517 no
1242 3484 1328 3517 means
1340 3470 1398 3518 void
1410 3470 1440 3519 of
1453 3472 1492 3519 in·

335 3556 409 3617 lopus.
446 3554 499 3603 The
521 3555 717 3618 predestinarian
740 3554 841 3603 notione
863 3553 892 3602 of
938 3557 1022 3610 terent,
1036 3552 1062 3600 in
1071 3552 1152 3599 which
1163 3552 1206 3599 the
1216 3551 1285 3614 right
1293 3550 1322 3598 of
1328 3551 1372 3600 the
1379 3551 1489 3613 Cherub,

335 3638 405 3687 John
424 3638 515 3686 Scotur
535 3636 662 3700 (Erigere)
685 3635 764 3685 called
785 3636 855 3684 forth
873 3651 890 3683 a
938 3632 1036 3681 clericsl
1057 3631 1107 3680 and
1131 3632 1181 3696 lay,
1205 3636 1233 3680 tc
1254 3632 1358 3695 appoint
1378 3633 1491 3682 its‘cwn

335 3719 436 3769 treatiss
447 3718 482 3782 by
493 3717 608 3778 Fnosns,
622 3734 650 3767 aa
661 3718 717 3767 well
727 3733 755 3767 es
765 3718 811 3768 the
820 3734 890 3767 more
938 3714 1046 3778 Bishcps
1061 3714 1083 3762 is
1099 3712 1216 3774 merted,
1231 3729 1259 3762 as
1275 3714 1417 3764 conbmted
1427 3715 1492 3763 with

336 3799 425 3865 widely
444 3800 536 3849 known
557 3799 626 3848 work
647 3799 682 3863 by
705 3799 887 3857 Pannnnmns,
938 3798 982 3846 the
1010 3798 1213 3847 encroaobments
1241 3797 1270 3847 cf
1298 3799 1341 3849 the
1368 3798 1493 3863 temporat

335 3882 430 3947 Bisbop
452 3881 481 3931 ol
500 3880 602 3945 'I'royea
642 3880 695 3930 The
718 3881 845 3945 impunity
864 3881 892 3930 of
938 3894 1028 3943 power.

336 3964 416 4013 which
428 3965 471 4013 the
482 3963 565 4012 writer
576 3962 673 4027 speaks,
692 3978 751 4027 may
761 3978 823 4026 very
836 3978 890 4026 pos·
