3225 5184
462 439 511 493 nn
528 439 788 494 ‘leunsinem
814 439 952 492 seuseu.
1214 422 1281 494 317

125 592 293 680 percipiat!
308 592 450 658 Primum
460 593 585 678 quidem
595 601 644 660 est
653 593 765 672 dicere,
774 593 920 679 quoniam
930 591 1114 677 imperfecti,
1126 598 1159 657 et
1170 590 1282 679 inligu-
1324 613 1419 670 mon.

22 707 23 716 ’
125 696 198 773 rati,
210 703 242 762 et
256 696 404 761 informes
417 695 449 760 hi
465 706 539 762 sunt
549 697 662 784 angeli,
672 697 724 783 qui
735 701 912 784 sunt¹erga
924 697 1117 762 Salvatorem
1125 695 1279 780 ipsorum:
1297 662 1447 792 ‘'llllilt·
1514 688 1515 691 ¹

125 798 279 884 siquidem
290 798 462 862 secundum
473 798 594 864 illorum
604 799 740 884 speciem
749 798 1008 882 conceptumtale
1017 798 1091 885 quid
1099 808 1282 886 generatum
1337 800 1381 836 Ψ
1392 801 1409 837 ¹·

125 912 185 967 est.
230 902 310 966 Post
331 901 453 979 deinde,
469 901 551 986 quod
569 901 675 967 dicant
691 902 851 987 ignorasse
867 902 1101 968 Fabricatorem
1120 923 1191 966 eam
1211 925 1282 988 quae

126 1004 186 1069 luit
199 1003 327 1069 seminis
341 1003 374 1068 in
387 1025 459 1070 eum
474 1003 630 1080 demissio,
643 1000 798 1070 etiterum
811 1027 880 1070 eam
896 1028 966 1091 quoe
980 1006 1065 1072 iacta
1078 1015 1128 1071 est
1141 1028 1196 1091 per
1210 1027 1283 1072 enm

126 1106 160 1172 in
175 1106 333 1171 hominem
346 1107 521 1183 seminatio,
536 1107 624 1172 futile
638 1109 765 1172 verbum
782 1117 815 1174 et
829 1130 954 1184 vanum,
969 1109 1069 1195 ²quod
1086 1107 1171 1174 nullo
1188 1110 1283 1175 modo

128 1209 250 1275 ostendi
268 1208 377 1294 possit.
421 1208 689 1291 Quemadmodum
710 1209 793 1274 enim
815 1210 968 1296 ignoravit
986 1211 1071 1288 illud,
1089 1210 1116 1275 si
1137 1211 1279 1276 substan·

127 1311 206 1377 tiam
219 1311 354 1396 aliquam
369 1319 402 1376 et
416 1311 598 1396 qualitatem
612 1312 767 1398 propriam
781 1311 942 1377 habuisset
956 1313 1058 1398 ipsum
1074 1315 1203 1378 semen?
1247 1312 1282 1378 Si

127 1421 233 1479 autem
247 1413 315 1479 siue
328 1414 512 1492 substantie,
527 1423 561 1479 et
574 1413 643 1480 sine
656 1413 816 1499 qualitate,
831 1422 864 1480 et
877 1414 955 1478 nihil
968 1423 1046 1493 erat,
1058 1423 1283 1498 consequenter

127 1517 280 1604 ignoravit
294 1517 378 1582 illud.
401 1517 479 1599 Quae
494 1518 577 1583 enim
593 1519 747 1602 propriam
763 1518 919 1602 quandam
933 1519 1125 1596 ³motionem,
1137 1525 1171 1582 et
1184 1517 1283 1601 quali·

127 1627 236 1698 tatem,
263 1619 312 1684 vel
336 1619 512 1698 caliditatis,
536 1620 583 1686 vel
606 1619 787 1696 velocitatis,
811 1620 860 1685 vel
887 1619 1061 1684 dulcedinis
1082 1619 1208 1698 habent,
1235 1619 1284 1685 vel

127 1722 277 1788 claritatis
295 1722 456 1808 eujusdam
471 1723 685 1801 differentiam,
700 1744 758 1788 uec
773 1723 915 1788 homines
928 1723 1052 1808 quidem
1066 1722 1195 1799 lateant,
1210 1744 1283 1786 cum

127 1825 191 1891 sint
202 1847 274 1890 cum
284 1825 475 1902 hominibus,
487 1827 538 1890 ⁴in
548 1836 670 1892 tanturn
685 1827 774 1891 abest
788 1834 824 1891 ut
834 1827 1050 1892 fabricatorem
1060 1826 1154 1912 hujus
1163 1825 1283 1891 univer·

127 1927 231 1993 sitatis
246 1928 368 1994 Deum:
391 1929 475 2013 apud
496 1950 588 2013 quem
606 1930 692 2015 juste
706 1950 769 1994 non
792 1937 841 1994 est
855 1928 996 2016 agnitum
1011 1950 1118 1995 semen
1133 1929 1281 2014 ipsorum,

128 2052 198 2094 cum
212 2029 255 2096 sit
267 2029 335 2096 sine
349 2029 497 2114 qualitate
511 2031 662 2096 universae
677 2030 831 2108 utilitatis,
850 2039 883 2096 et
904 2031 972 2097 sine
990 2031 1166 2096 substantia
1179 2031 1282 2096 omnis

127 2132 268 2211 actionis,
283 2141 317 2199 et
333 2133 365 2197 in
380 2142 481 2200 totum
495 2134 571 2198 nihil
585 2135 748 2200 exsistens.
795 2134 841 2199 Et
855 2142 982 2219 propter
994 2133 1055 2199 hoc
1068 2134 1146 2198 mibi
1160 2133 1282 2199 videtur

22 2229 24 2248 ’
127 2235 223 2299 etiam
239 2235 393 2302 Dominus
410 2236 546 2302 exisse:
574 2238 680 2304 omae
700 2259 796 2302 seam
813 2239 931 2314 aaa,
946 2259 1032 2326 quom
1053 2237 1282 2321 marsnam
1296 2259 1441 2301 uana

126 2338 267 2417 hmines,
283 2339 410 2406 reddeat
416 2362 479 2426 pro
493 2363 526 2405 co
542 2343 691 2407 romeam
708 2342 743 2406 ia
757 2341 809 2406 dio
816 2341 948 2425 judicii.
984 2342 1102 2406 Omnes
1116 2339 1199 2405 enim
1214 2340 1282 2424 qui-

127 2462 248 2525 cunque
262 2440 341 2504 tales
354 2450 429 2506 sunt
440 2441 556 2506 otiosos
569 2463 727 2508 sermones
741 2442 773 2506 in
788 2464 879 2507 aures
889 2442 1051 2508 bominum
1066 2441 1281 2518 immittentes,

127 2542 275 2607 assistent
294 2542 328 2606 in
345 2543 473 2627 judicio,
488 2543 639 2608 rationem
660 2543 810 2608 reddituri
830 2544 870 2608 de
886 2543 946 2619 his,
965 2565 1035 2627 quae
1050 2564 1128 2607 vane
1142 2543 1282 2628 conjece·

128 2653 211 2723 runt,
233 2652 266 2708 et
287 2645 409 2710 mentiti
430 2653 503 2710 sunt
524 2645 671 2711 adversus
697 2646 812 2723 Deum,
833 2646 865 2709 in
887 2653 1012 2712 tantum
1036 2654 1072 2710 ut
1096 2646 1282 2730 semetipsos

128 2746 234 2811 dicant
253 2755 379 2833 propter
400 2748 526 2813 seminis
546 2749 755 2814 substantiam
775 2770 945 2834 agnoscere
966 2748 1103 2834 spiritale
1125 2747 1281 2827 Pleroma,

129 2871 166 2915 eo
188 2849 322 2927 homine,
338 2851 390 2934 qui
409 2861 457 2916 est
472 2851 566 2928 intus,
580 2852 814 2917 demonstrante
831 2851 876 2918 eis
889 2872 996 2918 verum
1012 2852 1162 2916 Patrem:
1185 2856 1283 2936 ³opus

129 2952 211 3018 enim
240 2975 308 3018 esse
337 2954 462 3019 animali
490 2955 687 3020 sensibilibus
708 2955 925 3022 erudimeutis:
950 2955 1155 3042 Demiurgum
1176 2962 1283 3020 autem

128 3054 304 3121 universum
325 3077 432 3122 semen
452 3057 522 3135 boc,
548 3058 654 3123 Matre
676 3059 858 3144 deponente,
882 3059 1101 3143 suscipientem
1117 3057 1150 3122 in
1169 3065 1284 3122 semet·

131 3157 242 3243 ipsum,
266 3157 371 3223 omnia
392 3159 517 3224 omniuo
543 3158 713 3245 ignorasse,
735 3168 768 3226 et
796 3160 914 3226 nullum
935 3182 1062 3226 sensum
1084 3181 1192 3224 eormn
1213 3179 1283 3242 quoe

131 3261 222 3346 ¹erga
238 3259 383 3326 Pleroma
396 3270 480 3340 sunt,
496 3260 649 3326 habuisse.

570 3501 672 3569 OAP.
695 3503 840 3570 XXIX.

171 3649 356 3742 Quoniam
382 3651 418 3726 si
442 3650 482 3727 io
518 3678 600 3727 cum
628 3651 834 3752 depositum
854 3651 990 3751 samael
1016 3678 1145 3747 semen,
1176 3680 1249 3729 noo

276 3767 451 3868 protulisset
468 3769 639 3868 spaoraria
654 3796 699 3844 ca
715 3796 794 3869 qum
808 3784 890 3844 mm
906 3796 1018 3870 cuper
1035 3797 1127 3846 eum.

197 3935 247 3998 En
262 3957 297 4001 se
316 3935 440 4021 quidem
454 3936 608 4022 spiritales
622 3959 702 4016 esse,
717 3939 864 4023 quoniam
878 3939 1031 4023 particula
1051 3939 1195 4025 quaedam
1217 3939 1286 4004 uni·

130 4037 286 4104 versitatis
310 4038 417 4105 Patris
437 4039 470 4104 in
490 4039 595 4105 anima
616 4041 754 4125 ipsomm
775 4041 918 4126 deposita
937 4049 997 4120 est,
1019 4063 1091 4106 cum
1114 4064 1155 4106 ex
1175 4042 1286 4107 eadem

180 4227 271 4292 ¹enyc,
286 4230 348 4292 περί.
731 4229 895 4281 maronem·
936 4230 985 4280 We
1005 4231 1088 4296 might
1110 4231 1180 4296 quite
1196 4236 1286 4295 expect

179 4308 191 4341 ¹
209 4310 288 4360 Grmce
301 4311 478 4362 ἀναπόδεικτον.
512 4311 581 4361 Num
593 4311 683 4362 θητευ-
730 4312 783 4362 alno
798 4315 842 4362 the
858 4313 1224 4378 philosophioaltennxlmw.

130 4407 187 4440 rura
208 4407 274 4442 more
294 4393 413 4444 mundare
433 4409 494 4456 πμ
512 4409 561 4456 pro
579 4393 685 4457 petam
779 4395 791 4426 ⁴
809 4397 876 4458 παρὰ
892 4397 1009 4450 τοσοῦτον
1025 4395 1105 4443 λείπει
1123 4396 1162 4444 ὅτι
1180 4395 1223 4444 τὸν
1240 4397 1286 4455 Δη-

130 4477 191 4527 deu
201 4478 332 4540 lampa-ee.
351 4477 425 4527 Bura.
730 4478 844 4539 μιουργὸν
851 4513 858 4526 .
865 4513 885 4526 ..
895 4475 933 4539 (οὐ
943 4475 1056 4540 λάθοιεν).

180 4558 191 4591 ¹
219 4560 316 4609 Gaasn
337 4560 383 4608 has
404 4558 530 4609 notionem.
565 4557 619 4608 But
640 4559 684 4608 the
778 4557 895 4618 ‘Oresa
918 4573 987 4622 supr.
1009 4575 1035 4623 p.
1046 4572 1086 4621 52,
1110 4559 1158 4608 ἔδει
1178 4559 1228 4621 γὰρ
1253 4558 1292 4620 τῷ

132 4641 210 4692 MSS.
222 4643 287 4692 have
297 4641 378 4692 either
387 4642 431 4690 the
445 4641 525 4692 above
540 4639 645 4704 reading
655 4656 684 4690 or
733 4640 830 4702 ψυχικῷ
845 4639 885 4688 rol
902 4640 1023 4700 αἰσθητῶν
1038 4639 1213 4699 παιδευμάτων.
