3225 5184
438 388 644 442 nnvrnnnrs
671 387 977 450 oumsmoumus
1203 374 1271 438 353

107 541 180 605 rale
204 539 326 605 initium
348 540 515 627 recipiens,
541 542 712 628 Soripturae
735 563 793 606 nos
816 541 946 606 dooent.
970 540 1045 627 quid
1067 550 1175 605 autem
1198 551 1272 608 ente
1293 563 1345 604 uu
1354 564 1382 605 11
1391 569 1429 606 ov.

107 643 175 708 hoo
201 643 289 710 Deus
317 643 360 708 sit
384 651 542 729 operatus,
569 645 655 708 nulla
681 643 843 729 Scriptura
867 642 1058 707 manifestat.
1102 616 1438 744 ¹Subjaoet⁰ppgpl¹pt

9 761 11 800 =
109 766 192 832 ergo
216 745 283 810 hieu
310 744 471 830 responsio
493 746 577 811 Deo:
616 755 649 811 et
673 767 735 810 nou
762 745 808 810 ita
829 745 953 822 stultas,
968 754 1001 809 et
1023 744 1092 810 sine
1111 744 1274 830 disciplina
1288 751 1435 834 Q

10 879 11 884 κ
109 847 313 933 blasphemas
327 847 504 912 adinvenire
516 847 612 912 ²velle
625 845 825 933 prolationes,
837 850 889 911 ³et
902 869 957 931 per
967 847 1028 912 hoo
1042 846 1126 931 quod
1138 855 1230 930 putus
1241 855 1274 911 te

9 971 12 1008 l
110 951 270 1016 invenisse
302 951 442 1016 muteriae
472 950 686 1036 prolationem,
718 949 821 1037 ipsum
847 949 953 1013 Deum
982 949 1035 1036 qui
1064 949 1139 1014 feeit
1168 950 1274 1015 omnia

112 1055 292 1139 reprobare.

570 1274 672 1341 GAP.
696 1272 811 1338 XLII.

9 1427 11 1432 ’
118 1430 283 1506 Osteusio
311 1429 486 1530 quonium
516 1430 601 1502 Nus
629 1429 753 1525 Lepos,
782 1439 816 1501 et
843 1427 962 1525 Lepos
994 1428 1088 1518 Nus,
1124 1441 1156 1518 et
1190 1430 1276 1503 Nus

195 1550 273 1647 ipse
303 1561 353 1622 est
380 1548 499 1621 Pater
527 1545 711 1620 omnium:
748 1544 925 1643 quomodo
953 1545 999 1618 de
1027 1543 1276 1620 emissionibus

195 1692 320 1740 eorum
346 1691 461 1738 sermio
492 1663 645 1738 ostendit
673 1662 827 1736 Patrem
861 1662 1107 1761 compositum,
1136 1676 1169 1736 et
1202 1689 1275 1737 uou

196 1781 407 1880 simplicem,
444 1807 509 1854 uec
547 1779 789 1878 uniformem:
831 1793 873 1868 et,
909 1779 1084 1877 quomam
1121 1807 1193 1854 nou
1227 1795 1276 1855 est

195 1897 398 1985 uerisimile,
451 1897 606 1971 Verbum
641 1894 718 1969 Dei
754 1895 901 1969 tertiam
934 1895 1065 1970 tabere
1099 1923 1124 1970 α
1157 1897 1275 1971 Putre

197 2013 429 2090 emissionem.

123 2195 151 2254 l.
199 2189 370 2255 Ooornurn
385 2189 478 2267 enim,
492 2211 511 2253 ο
525 2209 634 2254 omnes
654 2187 707 2275 qui
722 2189 796 2252 talia
811 2188 1005 2266 adinvenitis,
1021 2210 1093 2254 oum
1109 2188 1175 2275 ipse
1192 2190 1277 2256 solus

121 2292 218 2356 Pater
234 2291 322 2356 Deus
336 2289 467 2367 dicutur,
483 2289 536 2377 qui
551 2298 583 2355 et
598 2311 669 2356 vere
683 2298 742 2367 est,
758 2312 852 2376 quem
867 2311 922 2354 vos
937 2290 1144 2376 Demiurgum
1155 2291 1275 2368 diuitis;

120 2395 175 2458 sed
205 2401 238 2458 et
266 2415 336 2458 oum
363 2394 530 2478 Scripturae
557 2393 640 2458 huno
669 2392 769 2456 solum
795 2392 898 2456 seiont
928 2392 1051 2466 Deum;
1074 2395 1185 2458 sedet
1206 2417 1277 2459 oum

123 2495 277 2561 Dominus
305 2495 389 2560 huno
413 2495 513 2559 solum
539 2495 704 2560 confitetur
733 2494 891 2578 proprium
921 2494 1059 2571 Patrem,
1082 2503 1116 2559 et
1144 2496 1278 2560 alterum

123 2597 251 2674 neseiat,
263 2597 345 2661 siout
359 2619 399 2662 ex
417 2597 494 2681 ipsis
505 2597 573 2681 eins
587 2597 689 2661 verbis
700 2597 919 2664 ostendemus:
936 2597 1061 2683 quando
1073 2598 1156 2662 huno
1177 2600 1278 2684 ipsum

123 2700 201 2765 labis
223 2698 326 2764 dicitis
355 2698 500 2776 fructum,
532 2707 564 2763 et
587 2698 770 2784 ignorantiae
794 2697 1008 2782 prolationem,
1034 2707 1067 2764 et
1090 2701 1279 2765 nescientem

124 2810 213 2889 ⁴quae
228 2803 291 2866 sint
304 2823 396 2886 super
410 2823 491 2880 eum,
507 2809 540 2865 et
563 2822 755 2887 quaecunque
776 2800 837 2864 alio
853 2801 956 2865 dicitis
970 2801 1008 2866 de
1023 2822 1071 2877 eo,
1086 2803 1279 2869 considerate

125 2903 371 2992 magnitudinem
392 2903 592 2988 blasphemiae
614 2902 647 2966 in
668 2923 750 2980 eum,
766 2902 818 2988 qui
834 2923 904 2966 vere
923 2912 972 2968 est
992 2902 1090 2969 Deus.
1136 2907 1280 2973 Graviter

125 3007 247 3093 quidem
263 3014 296 3070 et
308 3005 441 3069 honeste
455 3004 600 3069 videmini
621 3004 733 3081 dicere,
749 3027 803 3068 vos
824 3004 857 3067 in
877 3003 980 3068 Deum
1000 3005 1145 3081 eredere3
1167 3006 1279 3074 dehine

124 3109 254 3172 alterurn
275 3106 379 3170 Deum
401 3127 472 3171 oum
498 3104 625 3169 minime
642 3105 770 3190 possitis
791 3105 965 3183 ostendere,
987 3107 1071 3171 huno
1093 3109 1205 3193 ipsum,
1230 3110 1278 3174 ⁵in

126 3231 215 3294 quem
231 3209 355 3273 eredere
367 3229 422 3273 vos
437 3207 549 3284 diuitis,
562 3206 656 3272 ⁶lubis
665 3207 811 3286 fructum,
830 3216 863 3272 et
882 3208 1065 3294 ignomotiae
1077 3211 1279 3295 prolationem

127 3311 338 3398 pronuntiatis.

191 3418 221 3479 2.
268 3414 349 3480 Haeo
370 3421 475 3480 autem
494 3413 629 3492 oseoitos,
645 3422 678 3479 et
692 3413 918 3498 stultiloquium
940 3415 1012 3479 iude
1027 3416 1168 3500 provenit
1182 3419 1279 3496 vobis,

127 3517 207 3602 quod
229 3515 305 3580 nihil
328 3516 398 3580 Deo
419 3515 600 3590 reservetis;
620 3516 676 3582 sed
697 3525 730 3582 et
751 3515 848 3602 ipsius
863 3515 934 3594 Dei,
950 3524 982 3581 et
998 3515 1131 3581 Ennoeae
1153 3521 1231 3607 ejus,
1247 3528 1280 3586 et

128 3706 222 3766 κονιοθῇ
233 3706 257 3753 ἐν
269 3705 320 3754 τοῖς
332 3707 357 3765 ἐξ
369 3707 500 3767 δυνάμεσιν,
515 3709 584 3755 ἔσται
596 3707 672 3766 οὐσίᾳ,
775 3705 785 3736 ²
803 3707 843 3754 rol
859 3709 897 3755 tm
914 3709 957 3755 τοῦ
970 3709 1046 3756 δοκεῖν
1057 3725 1085 3758 σε
1103 3709 1234 3771 εὑρηκέναι.
1244 3749 1249 3760 .
1258 3747 1279 3758 ..

127 3787 227 3846 δυνάμει,
246 3789 350 3846 μεγέθει,
371 3789 559 3846 ἀποτελέσματι,
575 3789 618 3846 ulo
636 3789 675 3836 καὶ
728 3790 799 3836 αὑτὸν
811 3790 853 3836 τὸν
865 3791 1083 3852 θεὸν,..ἔλέγχειν.

128 3869 217 3926 ἠοίττὴ
232 3868 264 3929 τῇ
280 3869 401 3928 ἀγεννήτῳ
415 3869 454 3916 καὶ
470 3869 597 3930 ἀπεράντῳ
608 3869 674 3916 δυνά·
777 3867 787 3898 ⁴
805 3883 857 3930 qrue
873 3868 929 3929 rint,
949 3871 1043 3919 Guuult
1061 3871 1106 3919 huo
1122 3871 1217 3934 quirit,
1234 3873 1280 3921 but

128 3967 172 4008 pu.
198 3948 266 3998 Pttl.
291 3961 326 3998 vt.
355 3963 390 4008 ιο,
416 3950 497 3998 where
519 3951 676 4008 ἀποτέλεσμα
729 3947 770 3996 the
782 3949 886 4013 reading
897 3951 1010 3999 followed
1022 3953 1042 4000 is
1054 3953 1111 4000 that
1123 3953 1231 4016 adopted
1247 3955 1281 4018 by

128 4030 245 4095 similarly
266 4047 374 4096 oonveys
396 4033 439 4080 tho
465 4031 520 4080 idea
546 4032 574 4080 of
595 4032 677 4080 active
729 4029 858 4078 Missum
866 4032 948 4080 onthe
956 4033 1019 4081 saith
1028 4034 1057 4081 of
1062 4035 1211 4086 theCnnurt.
1222 4036 1279 4085 MS.

128 4128 224 4176 energy.
729 4113 778 4161 und
800 4114 822 4162 it
842 4115 864 4162 is
886 4114 1005 4179 oeuainly
1027 4117 1161 4180 supported
1182 4119 1217 4182 by
1238 4119 1282 4167 tha

174 4193 183 4223 ¹
201 4192 309 4255 subjacet,
323 4193 452 4242 ὕτοκεῖτοι.
729 4195 809 4244 words
820 4194 898 4245 found
909 4202 936 4245 at
946 4214 971 4262 p.
986 4195 1026 4259 63,
1039 4201 1080 4247 τὸν
1091 4201 1279 4264 δὲΔημιοοργὸν,

173 4272 290 4322 ’Gmtt
301 4275 327 4322 in
335 4275 385 4322 this
392 4279 507 4323 mntenoe
514 4274 678 4324 undemtunds
730 4279 775 4326 dre
786 4280 919 4338 ἀγνοοῦντα
929 4281 962 4327 rd
974 4280 1033 4342 ὑπὲρ
1045 4283 1122 4330 αὐτόν.

129 4357 196 4405 decet.
231 4355 246 4404 1
261 4354 344 4405 would
357 4357 438 4420 prefer
450 4361 477 4404 to
492 4357 605 4404 consider
622 4357 679 4406 uelle
779 4354 789 4386 ⁵
806 4355 835 4403 iu
852 4371 927 4419 quem,
948 4356 991 4406 the
1011 4357 1111 4408 cunum
1130 4360 1180 4408 aod
1199 4361 1279 4410 Voss.

130 4455 155 4486 os
169 4437 339 4502 representing
356 4438 385 4486 τδ
403 4438 486 4497 θέλειν,
504 4438 520 4488 i.
530 4454 552 4487 e.
567 4437 624 4487 mu
634 4454 678 4486 on·
730 4436 808 4486 MSS.
822 4437 884 4485 omit
895 4438 938 4486 the
949 4439 1111 4502 proposition.

130 4517 547 4566 mouinsmordtnuiootodue
563 4535 680 4568 mmmm
780 4517 894 4578 “Gr-oce
923 4519 1085 4582 ὑστερήματος
1120 4524 1210 4586 καρτὸν
1243 4523 1283 4574 καὶ

126 4597 168 4660 sm·
180 4597 238 4658 md,
253 4605 293 4646 not
303 4615 328 4648 ro
338 4599 376 4648 tle
387 4599 465 4648 desire
475 4607 498 4646 to
509 4597 596 4658 imum,
611 4600 652 4648 lto.
732 4601 829 4658 ἀγνοίας
841 4602 965 4660 προβολὴν
976 4602 1146 4663 ἀποφαίνεσθε.
1166 4604 1240 4653 Bau.
