3225 5184
212 566 266 611 ΗΒ.
276 568 293 611 l.

200 618 273 657 uxrlll.
282 618 301 657 d.

177 664 223 704 GR
231 664 247 703 1.
256 664 329 703 axalr.

201 710 278 749 llASs.
289 710 306 749 l.

189 766 240 796 xxa.
251 758 279 804 ll,
289 757 318 797 12.

342 376 408 449 238
801 391 1032 448 ormrsauu

343 553 484 621 Homine
497 552 552 619 ‘et
569 550 801 639 incorruptibili
826 551 942 628 AEcne,
960 551 1052 617 etde
1071 550 1126 615 illo
1145 547 1284 628 Christo,
1302 547 1357 636 qui
1370 547 1415 615 sit
1430 570 1502 615 sur·

342 678 422 731 sum,
437 654 557 729 dicunt,
579 664 829 739 praemonentem
846 661 880 717 et
895 659 1110 717 remorantem
1127 650 1271 715 homines
1286 650 1320 714 in
1336 648 1504 735 incorrup-

342 756 433 821 tibile
446 753 602 832 lumen,et
612 754 645 817 iu
660 752 805 817 Primum
819 752 1002 828 Hominem,
1008 760 1042 816 et
1057 751 1105 815 'iu
1118 750 1353 815 descensionem
1360 749 1503 815 Christi:

342 854 376 921 in
399 854 513 942 quibus
529 852 710 919 conterritis
728 852 933 938 principibus,
954 861 988 917 et
1014 851 1246 917 admirantibus
1266 850 1445 914 novitatem
1466 850 1504 914 in

342 955 484 1040 hisquae
509 976 529 1019 a
554 952 719 1039 prophetis
744 953 1029 1026 annuntiabantur,
1047 960 1214 1037 operatam
1239 972 1308 1015 esse
1326 950 1506 1015 Prunicnm

342 1077 401 1141 per
419 1052 609 1119 laldabaoth
630 1053 824 1119 nescientem
841 1052 918 1138 quid
940 1052 1047 1127 faciat,
1066 1053 1202 1117 ducrum
1219 1049 1382 1115 hominum
1397 1052 1505 1116 lactas

343 1176 412 1220 esse
435 1153 635 1219 emissiones:
661 1153 798 1218 alterum
824 1152 952 1238 quidem
978 1153 1018 1218 de
1043 1152 1144 1217 sterili
1166 1150 1344 1224 Elisabeth,
1362 1149 1506 1217 alterum

344 1262 453 1320 autem
471 1278 511 1318 ex
531 1253 639 1319 Maria
655 1252 801 1340 Virgine.
837 1252 885 1318 Et
901 1252 1052 1338 quoniam
1068 1273 1132 1317 non
1148 1251 1285 1316 haberet
1302 1251 1414 1314 eadem
1431 1250 1506 1337 ipsa

345 1355 498 1441 requiem,
516 1374 619 1439 neque
635 1352 667 1417 in
685 1352 776 1432 orele,
791 1372 896 1437 neque
917 1352 952 1416 in
971 1361 1070 1427 terra,
1092 1351 1318 1417 contristatam
1339 1351 1506 1417 invocasse

345 1454 379 1521 in
406 1452 600 1541 adjutorium
628 1460 774 1518 matrem.
828 1452 941 1517 Mater
968 1462 1079 1517 autem
1110 1452 1190 1538 ejus,
1221 1450 1318 1515 Prior
1342 1450 1505 1527 Foemiua,

346 1554 497 1621 miserata
523 1562 572 1619 est
600 1575 695 1638 super
723 1549 916 1638 prenitentia
948 1550 1033 1629 filiae,
1064 1560 1099 1619 et
1132 1550 1307 1639 postularit
1337 1572 1358 1616 a
1391 1550 1507 1618 Primo

349 1654 488 1721 Homine
505 1652 700 1739 adjutorium
718 1650 748 1717 ei
765 1652 853 1718 mitti
866 1648 1050 1719 Christum:
1066 1653 1121 1739 qui
1138 1659 1173 1717 et
1189 1652 1355 1717 descendit
1370 1651 1508 1718 emimus

346 1756 389 1821 ad
406 1776 547 1821 sororem
564 1774 663 1827 suam,
680 1760 714 1818 et
730 1753 772 1817 ad
789 1752 1060 1819 humectationem
1076 1752 1211 1819 luminis.
1248 1751 1509 1839 Cognoscentem

348 1864 554 1934 autemeam,
573 1876 645 1940 quoe
661 1854 809 1918 deorsum
826 1862 876 1918 est
893 1852 1056 1939 Sophiam,
1073 1853 1285 1919 ’descendere
1306 1853 1347 1918 ad
1369 1854 1509 1919 fratrem

349 1956 429 2040 ejus,
441 1968 475 2021 et
488 1954 693 2019 annuntiasse
710 1954 778 2038 ejus
794 1954 967 2018 adrentum
985 1976 1045 2039 per
1054 1954 1078 2019 J
1080 1954 1246 2029 ohannem,
1258 1961 1293 2018 ct
1309 1974 1509 2039 preparasse

349 2055 544 2141 baptismum
558 2053 768 2139 poenitentiae,
787 2060 823 2117 et
839 2061 916 2119 ante
928 2054 1099 2139 adaptasse
1112 2053 1236 2131 desum,
1248 2054 1298 2119 uti
1311 2054 1509 2120 descendens

351 2154 497 2219 Christus
513 2153 653 2218 inveniat
670 2175 724 2219 vas
741 2153 904 2230 mundum,
921 2161 956 2220 ct
972 2154 1021 2219 uti
1037 2177 1094 2239 per
1110 2155 1209 2219 lilium
1225 2156 1294 2240 ejus
1312 2155 1509 2221 Ialdabaoth

349 2254 517 2321 soeminaa
539 2253 667 2318 Christo
689 2248 945 2319 annuntiaretur.
993 2253 1203 2320 Descendisse
1224 2262 1333 2320 autem
1355 2277 1428 2319 eum
1447 2278 1508 2341 per

349 2362 474 2441 septem
491 2352 595 2431 coelos,
614 2352 822 2419 assimilatum
839 2353 910 2419 liliis
926 2376 1037 2419 eorum
1055 2355 1176 2432 dicunt,
1194 2362 1229 2421 et
1245 2355 1361 2420 sensim
1376 2356 1508 2421 ‘eorum

350 2476 518 2521 evacuasse
530 2453 692 2519 virtutem.
742 2453 799 2517 Ad
816 2453 919 2540 ipsum
937 2455 1021 2519 enim
1038 2454 1217 2520 universam
1234 2455 1507 2521 humectationem

350 2555 477 2621 luminis
498 2554 693 2621 concurrisse
714 2553 835 2633 dicunt,
857 2563 891 2621 et
910 2555 1156 2621 descendentem
1181 2555 1346 2621 Christum
1361 2556 1393 2619 in
1420 2555 1508 2622 hunc

351 2656 515 2729 mundum,
532 2654 671 2720 induisse
687 2654 825 2742 primum
841 2676 982 2719 sorerem
1005 2676 1096 2721 suam
1112 2654 1274 2742 Sophiam,
1296 2662 1330 2721 et
1346 2654 1507 2722 exultasse

351 2768 504 2842 utrosque
527 2756 754 2843 refrigerantes
775 2776 872 2841 super
895 2754 1048 2822 invicem:
1073 2763 1108 2822 et
1130 2756 1192 2821 hoc
1214 2778 1282 2821 esse
1297 2778 1449 2843 sponsum
1472 2766 1507 2823 et

352 2878 501 2943 spensam
523 2856 688 2921 definiunt.
739 2852 854 2919 Jesum
873 2863 982 2921 autem
1003 2856 1120 2942 quippe
1143 2878 1185 2921 ex
1203 2856 1339 2944 Virgine
1358 2878 1417 2942 per
1432 2880 1508 2943 ope·

352 2956 511 3034 rationem
535 2952 597 3019 Dei
619 2962 820 3042 generatum,
841 2955 1078 3040 sapientiorem,
1102 2964 1137 3022 et
1156 2956 1366 3032 mundiorem,
1388 2964 1423 3022 et
1439 2958 1508 3043 jus-

351 3054 468 3120 tiorem
498 3054 678 3119 homiuibus
703 3053 850 3119 omuibus
875 3054 993 3131 fuisse:
1021 3054 1106 3145 ⁵[in]
1135 3056 1298 3122 Christum
1321 3056 1506 3143 perplexum

354 3154 482 3242 Sophiae
500 3153 709 3246 descendisse,
726 3162 759 3219 et
773 3154 820 3219 sic
836 3156 958 3221 factum
976 3178 1043 3222 esse
1060 3156 1175 3222 desum
1193 3156 1365 3221 Christum.

425 3255 456 3328 7.
507 3255 629 3321 Multos
650 3254 806 3343 igiturex
829 3255 991 3342 discipulis
1007 3258 1076 3343 ejus
1097 3278 1163 3322 non
1184 3258 1366 3345 cognovisse
1389 3255 1507 3323 Christi

354 3356 589 3423 descensionem
618 3356 652 3421 in
680 3378 754 3421 eum
785 3355 915 3421 dicunt:
943 3357 1157 3423 descendente
1185 3365 1295 3424 autem
1322 3357 1452 3423 Christo
1476 3355 1510 3421 in

354 3618 468 3684 supplied
478 3618 542 3668 hom
552 3618 595 3668 the
604 3622 706 3668 mntext
712 3636 719 3681 ;
732 3619 791 3669 here
801 3618 909 3685 perhaps
1008 3620 1020 3654 ⁸
1036 3622 1167 3672 mesum
1181 3623 1295 3674 omenes
1309 3623 1366 3673 that
1380 3623 1425 3671 the
1440 3636 1512 3671 sense

354 3703 432 3751 malta
450 3703 542 3752 ὶοοοιιοο
562 3710 594 3752 cst
615 3706 684 3751 must
704 3704 736 3752 bs
757 3702 910 3753 understood
959 3704 1498 3769 requiresdeeesndcrsadeefrutmsuese.

354 3782 420 3831 from
436 3783 480 3831 the
495 3782 621 3847 lodewing
634 3788 757 3833 sentence.
791 3784 871 3833 'lhere
888 3784 909 3834 is
1008 3785 1089 3836 ⁴'l'ns
1107 3787 1252 3836 Cuauunr
1263 3787 1322 3838 MS.
1334 3785 1405 3835 reads
1419 3800 1463 3847 ees,
1475 3786 1513 3835 in·

355 3880 388 3913 no
398 3862 460 3913 need
471 3869 498 3913 ιο
509 3863 572 3913 alter
582 3864 625 3913 the
641 3878 754 3929 passage,
767 3880 795 3914 as
814 3866 910 3915 Cam
959 3866 1052 3930 ducing
1078 3866 1122 3915 the
1148 3866 1235 3915 action
1261 3866 1318 3915 that
1338 3866 1382 3914 the
1407 3864 1513 3929 original

354 3948 515 4009 conjectures,
540 3950 567 3995 to
590 3960 731 4009 unoquoque
751 3946 908 4011 plonssmare,
959 3950 1064 4013 reading
1079 3948 1213 4013 mayhsre
1226 3949 1289 3998 been
1305 3964 1343 3998 ees
1357 3964 1480 3999 οοοοοιοοοο
1494 3964 1512 3997 o

354 4030 430 4080 much
441 4030 488 4079 less
503 4034 531 4078 to
546 4029 645 4094 supply,
661 4044 689 4078 ss
706 4028 837 4100 Maestum
852 4046 909 4095 pro
960 4032 1064 4089 cinae:
1085 4033 1129 4081 the
1150 4031 1304 4081 muers
1325 4034 1387 4095 φίλη
1402 4034 1472 4092 λέξο.

354 4128 433 4180 posrs,
447 4113 489 4163 the
500 4112 656 4162 substantive
666 4112 726 4161 verb
737 4118 777 4162 eat.
1010 4112 1021 4143 ⁸
1036 4112 1090 4161 'l'he
1106 4112 1211 4176 particle
1225 4112 1255 4161 ia
1270 4112 1292 4161 is
1309 4113 1413 4162 omitted
1429 4114 1456 4161 in
1469 4113 1513 4161 the

404 4194 484 4243 1Ἰἰιο
502 4194 603 4243 cursu.
623 4194 682 4243 MS.
702 4194 777 4243 omits
794 4200 815 4243 st
834 4193 912 4243 incer
962 4194 1115 4255 mmonr,
1141 4194 1229 4255 Pasa,
1253 4194 1304 4243 and
1322 4194 1403 4243 Voss.
1424 4194 1512 4254 Mas,

355 4276 470 4341 ruptibih'
486 4276 573 4335 AEonc,
591 4276 612 4325 it
629 4290 680 4325 was
698 4290 713 4323 a
731 4290 855 4340 synormm
873 4275 913 4326 lor
961 4276 1012 4325 and
1028 4277 1049 4326 is
1066 4276 1183 4326 included
1199 4278 1226 4326 in
1242 4276 1365 4337 brackets,
1383 4292 1410 4325 ss
1429 4292 1514 4341 mper-

356 4361 394 4412 llo
405 4360 473 4409 res
483 4360 556 4419 Moe,
569 4358 620 4407 and
631 4358 701 4407 looks
712 4357 763 4407 lite
774 4374 790 4407 s
800 4358 876 4423 gloss.
961 4357 1050 4407 fluens
1084 4359 1114 4408 Il
1128 4359 1257 4419 admitted,
1270 4376 1309 4408 πο
1324 4364 1393 4408 must
1408 4372 1516 4423 suppose

406 4440 486 4491 ¹'I'he
508 4443 615 4490 Annua.
639 4440 685 4490 has
706 4440 773 4501 mdc,
792 4442 836 4491 the
855 4446 912 4489 true
961 4454 1016 4488 seer
1038 4445 1067 4489 to
1085 4439 1150 4490 have
1171 4440 1285 4490 followed
1306 4442 1328 4490 it
1348 4440 1470 4506 applying
1488 4444 1516 4488 to

358 4524 461 4587 reading
470 4538 529 4587 may
540 4522 604 4572 have
620 4522 683 4571 been
699 4522 728 4571 in
743 4522 802 4571 inde
818 4522 911 4571 daem·
962 4522 1047 4573 Iesum
1059 4522 1190 4584 Cardacas
1206 4523 1319 4589 possibly
1328 4524 1357 4572 iu
1374 4522 1442 4587 Xpm
1456 4536 1518 4585 may

358 4603 456 4665 nicaen,
470 4604 502 4653 etr
512 4606 557 4665 τὴν
569 4606 633 4653 erce
644 4603 782 4669 κατάβασιν
792 4604 908 4667 Χριστοῦ.
962 4604 1027 4655 have
1038 4607 1120 4656 adeon
1131 4611 1177 4656 out
1187 4606 1218 4656 ef
1225 4607 1254 4657 ia
1264 4622 1327 4657 mm.
