3225 5184
625 398 769 454 CORPUS
794 399 955 454 nomen
980 400 1209 455 enuncffnn

800 743 903 810 UAP.
926 742 1017 810 LVI.

337 923 523 1015 Quomodo
547 923 691 1017 aoimoe,
715 951 797 1000 oum
819 923 892 999 sint
917 923 1149 1024 yeoerobdee,
1178 923 1218 999 in
1230 924 1420 1027 sidorum
1445 923 1501 1000 in·
1595 1004 1596 1019 ¹

650 1041 904 1142 componite
918 1056 1165 1143 pertendant.

400 1246 430 1310 1.
475 1242 784 1330 S1quiautomhoo
805 1243 840 1309 in
861 1244 930 1310 loeo
952 1243 1069 1323 dicent,
1083 1264 1147 1309 non
1167 1265 1258 1330 posse
1279 1243 1408 1309 animae
1432 1264 1568 1322 emim

333 1367 403 1434 quae
425 1345 517 1434 poulo
538 1355 613 1414 onte
635 1369 704 1414 esee
722 1348 884 1434 coeperint,
907 1346 940 1412 in
958 1347 1090 1412 multum
1112 1347 1260 1435 temporie
1280 1368 1498 1434 perseverare,
1595 1358 1596 1415 l

333 1447 389 1514 eod
410 1457 552 1534 oportere
566 1471 620 1516 ees
634 1459 690 1516 eut
704 1449 902 1516 innascibiles
922 1472 1003 1529 esee,
1021 1458 1058 1515 ut
1079 1449 1144 1516 sint
1162 1450 1372 1526 immortalem
1399 1450 1453 1515 vel
1470 1450 1498 1514 si
1589 1418 1597 1461 ⁴

332 1552 540 1640 generationis
562 1553 683 1618 initium
702 1552 890 1639 occeperint,
906 1575 977 1618 oum
998 1552 1065 1640 ipeo
1087 1575 1215 1639 corpore
1233 1552 1331 1618 mori:
1355 1552 1495 1630 discant,
1595 1590 1596 1605 ι

333 1655 479 1742 quoniam
500 1656 568 1724 eine
590 1656 679 1722 initio
696 1663 729 1722 et
746 1656 815 1722 eine
836 1657 907 1736 line,
928 1677 1000 1722 vere
1021 1665 1055 1722 et
1075 1678 1198 1744 semper
1221 1657 1303 1722 idem
1323 1665 1356 1722 et
1379 1656 1496 1722 eodem

333 1761 426 1825 modo
440 1782 475 1826 ee
490 1760 617 1840 habene,
633 1759 718 1826 eolus
731 1768 781 1826 eet
796 1760 894 1838 Deus,
910 1759 963 1847 qui
978 1767 1027 1826 eet
1045 1760 1184 1826 omnium
1198 1759 1365 1826 Dominus.
1413 1759 1494 1842 Quae
1505 1773 1562 1814 nm

332 1872 438 1929 autem
456 1872 530 1930 sunt
548 1866 589 1930 eb
608 1863 661 1930 illo
680 1864 794 1943 omnia,
810 1886 1003 1951 quoeunque
1017 1865 1101 1931 saeta
1114 1873 1198 1945 eunt,
1213 1874 1246 1932 et
1259 1865 1351 1944 liunt,
1366 1863 1495 1928 initium

333 1967 457 2052 quidem
471 1989 563 2034 suum
582 1967 740 2052 aooipiunt
756 1967 978 2056 generationis,
993 1978 1026 2034 et
1040 1990 1096 2056 per
1108 1969 1169 2034 hoo
1185 1968 1346 2035 ¹inlerioro
1359 1967 1494 2033 suntab

332 2091 370 2136 eo
385 2071 437 2155 qui
451 2092 490 2136 ee
504 2071 587 2149 leoit,
602 2070 748 2157 quoniam
762 2092 827 2136 non
840 2078 914 2136 eunt
931 2071 1088 2159 ingenim
1111 2078 1309 2159 pernoverant
1328 2079 1440 2136 eutem
1461 2076 1493 2135 et

332 2173 544 2238 extenduntur
572 2173 605 2238 in
633 2173 859 2262 longitudinem
881 2176 1075 2256 saeoulomm
1101 2178 1273 2242 seeundum
1296 2174 1492 2241 voluntatem

330 2275 459 2342 lectorio
473 2276 553 2342 Dei:
577 2276 623 2342 ite
642 2285 678 2342 ut
697 2277 744 2343 sio
757 2275 847 2341 initio
861 2278 983 2358 fierent,
998 2287 1032 2345 et
1046 2287 1165 2367 postem
1180 2287 1217 2344 ut
1230 2279 1305 2357 sint,
1319 2278 1366 2344 eie
1380 2279 1490 2344 donet.

333 2379 602 2462 Quemadmodum
616 2379 700 2446 enim
715 2379 830 2446 ooelum
845 2380 928 2467 quod
942 2389 992 2448 eet
1005 2403 1100 2468 snper
1113 2403 1182 2461 noe,
1197 2383 1443 2460 firmamentum,
1458 2388 1490 2445 et

331 2483 388 2562 eol,
420 2491 454 2550 et
479 2483 562 2564 lune,
589 2491 622 2550 et
647 2483 773 2571 reliquae
796 2483 907 2564 stellae,
938 2491 973 2551 et
1002 2485 1108 2551 omnio
1133 2493 1316 2552 ornamento
1337 2484 1489 2572 ipsorum,

331 2609 404 2652 oum
424 2595 498 2652 ente
522 2609 586 2653 non
608 2595 723 2666 essent,
746 2586 832 2652 teoto
852 2595 936 2666 eunt,
953 2595 985 2653 et
1002 2589 1101 2654 multo
1124 2595 1265 2674 tempore
1289 2596 1491 2673 penevennt
1595 2586 1596 2591 ’

331 2692 502 2756 eeoundum
516 2692 706 2757 voluntatem
722 2690 801 2766 Dei;
817 2690 864 2757 eio
878 2698 912 2758 et
927 2690 966 2758 de
980 2692 1153 2771 animabus,
1168 2699 1201 2757 et
1215 2691 1255 2756 de
1268 2691 1443 2778 spiritibus,
1457 2699 1490 2755 et

331 2795 519 2861 omninode
544 2795 688 2862 omnibus
715 2794 766 2860 hie
788 2816 859 2882 qnae
881 2795 966 2862 seete
989 2804 1064 2861 eunt
1087 2796 1229 2882 cogitans
1253 2796 1333 2882 quie,
1359 2795 1489 2860 minime

332 2897 493 2981 peccabit:
518 2898 642 2985 quondo
663 2896 767 2963 omnin
787 2920 858 2985 quoe
874 2898 959 2964 seete
977 2907 1061 2978 eunt,
1077 2899 1199 2964 initium
1219 2899 1344 2984 quidem
1357 2899 1489 2965 factum

331 3023 396 3066 euae
412 3001 557 3080 habeant,
579 3008 778 3087 perseverant
791 3009 898 3081 eutem
920 3003 1120 3090 quoadusque
1141 3025 1180 3068 ee
1195 3002 1284 3067 Dens
1306 3011 1339 3067 et
1359 3024 1442 3082 esse,
1457 3009 1490 3066 et

331 3123 526 3188 perseverare
536 3103 678 3170 voluerit.
712 3103 861 3169 Testetur
871 3126 928 3189 pro
942 3104 992 3169 his
1002 3105 1166 3170 sententiis
1179 3105 1274 3170 etiem
1285 3104 1490 3191 propheticus

196 3241 236 3270 ,ιι
248 3231 289 3271 ιι
329 3206 466 3294 spiritus,
482 3206 609 3272 dicens:
630 3207 780 3287 Quoiam
798 3209 863 3294 ipso
877 3208 970 3286 doit,
986 3209 1118 3292 otsaeto
1130 3218 1222 3283 enon
1238 3207 1489 3294 ι’μοηιαιιάαυὶι,

206 3307 211 3316 ’
329 3323 357 3380 et
374 3323 478 3380 orento
499 3323 578 3380 eunt.
623 3315 743 3381 Statuit
758 3337 795 3380 m
815 3314 850 3379 in
864 3315 1019 3393 moulon,
1034 3316 1111 3380 etin
1124 3315 1267 3381 ooeoolom
1281 3315 1398 3380 eoeooli.
1443 3312 1489 3378 Et

184 3447 274 3477 m..
329 3417 442 3482 iterum
456 3417 496 3481 de
510 3416 658 3482 solvendo
672 3416 797 3483 homine
817 3417 863 3482 eio
881 3418 945 3482 ait:
977 3418 1082 3484 Vitam
1095 3419 1191 3505 petiit
1206 3441 1229 3485 o
1247 3428 1286 3498 to,
1302 3427 1331 3483 ot
1351 3416 1489 3482 tribomti

329 3521 359 3586 ei
372 3520 591 3606 monadem
601 3520 723 3586 άὶσνιιηι
736 3521 772 3586 in
781 3519 925 3586 εωσιιιιιιιι
937 3521 1060 3587 aneoli:
1078 3530 1229 3608 tanquam
1237 3521 1335 3586 Petro
1347 3521 1486 3586 omnium

329 3623 475 3703 donante,
491 3631 524 3688 et
540 3621 574 3688 in
588 3623 738 3689 eaeoulum
753 3623 860 3690 saemdi
875 3624 1153 3710 ²pereeverantiem
1168 3624 1218 3690 bie
1232 3624 1285 3710 qui
1303 3622 1380 3689 mlvi
1394 3623 1486 3688 finnt.

330 3725 403 3790 Non
418 3725 500 3790 enim
515 3748 555 3791 ex
569 3725 670 3805 nobie,
682 3746 783 3813 neque
794 3746 835 3791 ex
846 3734 954 3792 nostro
968 3734 1079 3792 nature
1088 3727 1152 3792 vita
1166 3735 1229 3802 eet3
1243 3727 1300 3792 eed
1313 3726 1486 3791 seeundum

328 3829 464 3918 gretiam
475 3828 537 3894 Dei
554 3828 655 3894 detur.
700 3829 744 3894 Et
759 3829 830 3895 ideo
845 3829 897 3917 qui
911 3830 1081 3896 servaverit
1095 3831 1203 3895 datum
1218 3830 1301 3909 vitoe,
1313 3837 1346 3894 et
1366 3828 1487 3916 gratiae

328 3933 429 4022 egerit
441 3933 471 3999 ei
486 3933 540 4020 qui
553 3933 710 4019 praeetitit‚
724 3933 858 4019 eooipiet
870 3941 903 3998 et
921 3932 954 3998 in
974 3932 1124 3998 eaeonlum
1138 3931 1246 3998 eaeonli
1259 3931 1485 4019 longitudinem

328 4037 456 4103 dierum.
503 4035 564 4118 Qui
585 4043 691 4101 eutem
711 4037 862 4121 objecerit
882 4058 963 4113 eam,
984 4043 1018 4101 et
1038 4035 1180 4122 ingratus
1194 4034 1351 4101 exstitenit
1365 4033 1485 4110 lectori,

328 4139 369 4205 ob
386 4138 446 4204 hoo
461 4137 544 4222 quod
564 4136 667 4201 foetus
690 4144 740 4202 eet
762 4145 795 4203 et
817 4159 881 4202 non
902 4136 1082 4223 cognoverit
1100 4158 1172 4201 eum
1191 4136 1250 4222 qui
1264 4143 1405 4222 praeetet,
1421 4137 1487 4223 ipee

327 4262 363 4308 eo
392 4239 491 4327 privet
518 4239 551 4304 in
576 4239 725 4304 eaeoulum
749 4238 856 4306 eaeouli
882 4237 1122 4325 perseverentia.
1166 4239 1212 4304 Et
1236 4237 1307 4304 ideo
1330 4237 1486 4304 Dominne

377 4459 563 4524 Uolteio-aab
574 4473 606 4508 eo.
633 4459 679 4508 See
690 4463 878 4523 p.211,note3.
930 4458 984 4518 ble;
1000 4459 1033 4507 bo
1042 4457 1125 4507 would
1139 4457 1200 4508 tend
1211 4457 1265 4508 Deo
1279 4457 1320 4508 for
1331 4458 1364 4508 nb
1379 4473 1421 4516 eo:
1436 4459 1484 4506 bnt

328 4543 371 4590 An
384 4541 544 4590 emendation
552 4540 727 4590 offlnnmnn
739 4540 880 4589 ieaddnoed
930 4540 975 4589 the
988 4541 1158 4590 eonettnotion
1170 4541 1191 4590 ie
1208 4539 1353 4605 milutly
1364 4539 1482 4590 Hebron.

328 4624 362 4688 by
370 4622 493 4685 snum,
503 4623 549 4673 bnt
556 4624 576 4672 it
588 4623 609 4672 ie
620 4637 648 4671 ee
660 4622 730 4672 neuol
740 4621 878 4672 inadmissi-
978 4621 990 4653 ¹
1006 4623 1125 4683 dmm.
