3225 5184
460 399 651 454 nnrrouns
675 389 1293 460 ascensoriorum?

9 563 15 606 ι
140 549 237 615 Esaia
251 550 368 616 dictum
384 573 500 616 annum
515 553 643 619 Domini
657 555 891 638 acceptabilem,
900 578 958 622 nec
972 556 1055 623 diem
1069 557 1292 624 retributionis
1336 577 1390 619 um
1399 581 1428 619 ιι

9 670 59 711 ιιι.
72 671 116 715 ru
139 653 250 740 Neque
264 654 346 720 enim
361 655 399 721 de
414 656 474 734 die,
488 679 557 742 quae
572 657 733 724 duodecim
749 658 895 724 horarum
909 660 1004 727 habet
1015 663 1161 747 spatium,
1174 664 1291 729 dictum
1339 672 1383 710 ⁰¹¹-
1351 627 1445 756 miii

9 775 14 814 2
136 759 238 822 estin
261 759 430 844 propheta;
454 780 513 824 nec
534 761 573 826 de
594 782 677 825 anno
691 761 854 827 duodecim
872 765 1027 830 mensium
1048 766 1185 832 habente
1205 791 1292 834 men·
1324 763 1401 804 ωε
1410 763 1441 805 ¹¹

9 880 14 920 ι
134 883 249 928 surum.
289 862 371 945 Quis
394 863 477 929 enim
503 863 696 949 propbetas
687 887 720 929 ιιι
744 867 899 950 parabolis
922 877 956 934 et
981 869 1145 957 allegoriis,
1166 879 1200 938 et
1229 893 1294 938 non
1305 881 1457 892 ““”““

10 989 11 1024 ι
134 966 306 1030 secundum
334 987 446 1032 sonum
475 967 612 1054 ipsarum
641 966 813 1034 dictionum
839 968 971 1056 plurima
991 972 1148 1053 dixmunt,
1170 974 1242 1040 et
1232 975 1292 1062 rpsi

134 1069 333 1133 confitentur.

199 1171 230 1241 7.
276 1171 354 1238 Dies
368 1195 443 1262 ergo
458 1173 669 1244 retributionis
679 1175 782 1240 dictus
792 1184 852 1253 est,
864 1175 895 1239 in
908 1198 970 1264 quo
978 1179 1128 1245 retribuet
1136 1180 1292 1249 Dominus

133 1273 298 1363 unicuique
312 1277 481 1342 secundnm
498 1299 592 1364 opere
606 1299 673 1357 sua,
689 1279 749 1344 boc
766 1285 825 1356 est,
841 1279 865 1344 J
866 1281 1013 1348 udicium.
1056 1283 1171 1349 Annus
1184 1292 1290 1351 sutem

9 1403 11 1440 ε
134 1377 263 1443 Domini
286 1379 495 1464 acceptabilis,
516 1388 641 1467 tempus
663 1381 733 1460 boc,
756 1381 789 1446 in
810 1405 872 1470 quo
893 1392 1043 1450 vocantur
1061 1387 1103 1450 ab
1124 1407 1162 1451 eo
1182 1386 1216 1450 hi
1237 1389 1290 1474 qui

9 1509 11 1548 ι
134 1481 265 1546 credunt
279 1481 319 1561 ei,
335 1492 369 1548 et
387 1483 595 1568 acceptabiles
611 1485 692 1549 fiunt
711 1483 796 1551 Deo:
820 1485 880 1551 boc
901 1495 960 1565 est,
982 1508 1074 1552 omne
1092 1489 1134 1552 sb
1154 1489 1290 1554 adventu

9 1617 11 1634 ι
133 1587 335 1672 ejustempus
346 1607 444 1673 usque
455 1587 496 1652 ad
507 1587 817 1668 consummationem,
833 1589 949 1677 inquo,
966 1599 1017 1655 ¹ut
1030 1593 1157 1671 fructus,
1173 1594 1289 1680 eosqui

9 1751 10 1754 ,
133 1688 292 1754 salvantur
312 1689 455 1776 acquirit.
501 1690 648 1778 Sequitur
662 1691 745 1756 enim
763 1692 933 1757 secundum
947 1694 1115 1761 dictionem
1128 1695 1288 1782 prophetae

133 1814 251 1857 annum
272 1793 340 1859 dies
356 1795 578 1873 retributionis,
593 1804 627 1860 et
648 1795 708 1861 erit
727 1796 878 1862 mentitus
892 1798 1052 1884 propheta,
1068 1798 1095 1864 si
1114 1821 1198 1864 anno
1219 1807 1289 1864 tau·

9 1955 10 1964 ,
133 1898 295 1965 tummodo
311 1899 468 1966 Dominus
487 1899 678 1986 praedicavit,
693 1900 780 1965 etde
795 1923 833 1966 eo
847 1901 933 1966 dicit.
981 1901 1047 1968 Ubi
1061 1912 1110 1969 est
1123 1904 1207 1968 enim
1221 1904 1289 1970 dies

9 2045 10 2050 κ
133 1999 366 2068 retributionis?
384 2003 528 2068 transivit
546 2002 629 2068 enim
650 2025 761 2082 annus,
779 2010 813 2068 et
832 2004 969 2069 nondum
989 2004 1056 2071 dies
1076 2005 1289 2072 retributionis

132 2114 198 2181 est;
214 2106 270 2170 sed
280 2105 382 2171 adhuc
393 2107 578 2172 celerrimum
592 2107 764 2191 oririsccit
778 2129 870 2193 super
883 2106 988 2172 ²bcoos
1002 2118 1030 2173 ot
1043 2109 1148 2188 malos,
1163 2118 1192 2174 er
1201 2110 1361 2196 pluiturus
1371 2149 1390 2176 v.
1399 2141 1429 2179 u

47 2261 52 2270 .
104 2230 223 2295 ‚sopor
231 2209 332 2294 justos
345 2219 374 2275 et
395 2209 530 2294 injustos.
570 2209 615 2274 Et
629 2209 874 2296 persecutionem
889 2210 1014 2297 quidem
1028 2211 1190 2297 patiuntur
1196 2213 1285 2298 justi,

131 2320 165 2376 et
179 2311 368 2400 affliguntur,
383 2319 415 2376 et
431 2311 626 2384 occiduntur;
643 2312 676 2374 in
689 2311 880 2377 abundantia
888 2320 993 2377 autem
1008 2321 1082 2378 sunt
1095 2324 1285 2398 peccatores,

131 2423 164 2479 et
179 2435 247 2479 cum
259 2415 380 2479 citiore
400 2425 427 2479 et
434 2414 586 2500 psalterio
605 2413 719 2493 bibunt,
735 2437 829 2499 opera
846 2425 948 2480 autern
962 2416 1094 2480 Domini
1112 2438 1171 2482 cmc
1188 2419 1285 2483 inten-
1299 2441 1352 2481 snt
1363 2453 1382 2482 v.
1392 2443 1420 2482 n.

131 2517 219 2582 dunt.
264 2517 391 2580 Debent
412 2525 518 2581 autem
539 2517 711 2581 secundum
729 2515 898 2581 dictionem
923 2517 1069 2602 copulari,
1095 2526 1129 2584 et
1152 2541 1285 2608 sequens

130 2640 200 2685 esse
225 2640 308 2684 anno
331 2618 398 2684 dies
422 2618 643 2684 retributionis.
687 2618 818 2684 Dictum
842 2627 892 2684 est
916 2619 1010 2696 enim,
1038 2643 1286 2688 occursantium

132 2725 264 2789 Domini
283 2731 447 2809 coeptum,
461 2731 491 2788 ot
510 2723 592 2787 dien
612 2723 829 2788 retributiones.
866 2723 955 2789 Bene
976 2725 1082 2811 itaque
1103 2725 1285 2815 intelligitur

130 2837 255 2914 tempus
269 2826 330 2892 hoc
345 2827 377 2890 in
393 2850 454 2912 quo
468 2836 618 2893 vocantur
632 2834 665 2892 et
679 2826 868 2894 salvantura
882 2828 1029 2907 Domino,
1039 2851 1140 2895 annus
1154 2831 1283 2898 Domini

130 2939 296 3016 acceptus:
324 2951 417 3016 quem
439 2930 637 3016 subsequitur
662 2931 728 2996 dies
750 2931 971 3008 retributionis,
995 2931 1026 2996 id
1044 2939 1103 3012 est,
1121 2935 1281 3019 judicium.

132 3035 176 3099 Et
191 3055 253 3099 non
267 3033 367 3098 solum
382 3042 486 3098 autem
500 3054 601 3098 annus
615 3042 739 3119 tempus
753 3035 815 3099 hoc
830 3034 961 3110 dicitur;
986 3035 1089 3101 sedet
1104 3036 1171 3102 dies
1185 3038 1284 3102 nomi-

131 3148 233 3216 natur,
248 3147 282 3203 et
301 3159 321 3202 a
342 3137 503 3223 propheta,
519 3146 551 3202 et
565 3159 585 3202 a
601 3137 721 3203 Paulo:
742 3137 774 3202 in
794 3138 906 3225 quibus
925 3145 959 3203 et
974 3139 1146 3225 Apostolus
1164 3163 1284 3206 memor

129 3242 302 3329 scripturae,
324 3241 357 3306 in
378 3241 510 3328 epistola
531 3264 600 3326 quae
622 3249 672 3306 cst
692 3241 733 3306 ad
757 3241 917 3306 Romanos
939 3241 1004 3306 ait:
1028 3242 1118 3307 Sicut
1134 3243 1281 3328 comptum
1295 3269 1444 3312 ιιοιιιιιιιι

129 3356 181 3425 ost,
205 3347 341 3432 Propter
364 3355 391 3410 te
415 3355 508 3410 morte
529 3345 683 3430 afficimur
703 3354 765 3410 tota
788 3344 850 3422 die,
873 3345 1019 3409 (estimati
1040 3366 1142 3410 comus
1163 3355 1198 3410 ut
1219 3369 1285 3413 ocos

129 3449 294 3514 occisionis.
331 3447 423 3512 Nunc
437 3455 543 3512 autem
558 3457 620 3512 tolo
633 3447 686 3512 dio
699 3469 756 3533 pro
770 3447 856 3513 omni
865 3447 926 3512 hoc
937 3454 1076 3533 tempore
1091 3447 1209 3513 dictum
1223 3459 1282 3528 est,

128 3555 162 3617 in
176 3574 237 3640 quo
252 3551 498 3638 persecutionem
512 3551 658 3637 patimur,
673 3559 706 3615 et
727 3559 763 3615 ut
785 3570 859 3615 oves
880 3550 1058 3618 occidimur.
1097 3551 1187 3618 Sicut
1207 3574 1282 3641 ergo

129 3658 196 3724 dies
210 3659 278 3722 hoec
291 3679 353 3722 non
369 3655 452 3720 illam
467 3679 536 3743 quae
552 3655 585 3720 in
601 3677 650 3719 ιιι
669 3655 755 3721 boris
769 3656 921 3735 substitit,
936 3656 1103 3744 significat,
1118 3657 1174 3722 sed
1189 3679 1282 3724 omne

127 3771 251 3846 tempus
271 3759 303 3824 in
324 3781 386 3845 quo
407 3758 568 3844 patiuntur
588 3766 621 3823 et
642 3757 869 3823 interficiuntur
889 3769 1014 3846 propter
1034 3759 1193 3826 Obristum
1214 3782 1280 3828 cre-

128 3863 239 3929 dentes
256 3861 307 3938 ei;
331 3860 377 3925 ita
394 3867 428 3926 et
445 3859 506 3924 illic
527 3881 636 3940 annus,
655 3880 718 3925 non
740 3859 792 3948 qui
806 3869 857 3925 est
876 3882 918 3925 ex
938 3860 1101 3927 duodecim
1122 3863 1281 3930 mensibus

127 3965 251 4043 dicitur,
266 3963 322 4030 sed
344 3985 437 4029 omne
458 3962 530 4028 lidei
553 3971 686 4048 tempus,
705 3962 738 4026 in
761 3985 823 4048 quo
844 3963 1007 4029 audientes
1028 3963 1280 4051 praedicationem

127 4069 257 4135 credunt
270 4068 422 4145 homines,
437 4073 470 4132 et
483 4065 690 4152 acceptabiles
706 4065 843 4131 Domino
857 4067 947 4144 fiunt,
962 4067 1014 4153 qui
1029 4088 1064 4133 se
1078 4067 1107 4132 ei
1122 4068 1277 4155 copulant.

174 4289 293 4353 ¹Seep.
315 4289 351 4349 18,
373 4293 485 4348 notes3,
504 4303 527 4347 4.
562 4285 614 4334 The
636 4301 678 4334 nu·
776 4283 915 4334 ’Ircnaeus
932 4283 1029 4334 follows
1045 4285 1088 4334 the
1105 4286 1179 4335 onlcr
1194 4286 1280 4337 ottho

125 4373 184 4421 thor
214 4371 310 4435 adopts,
347 4369 396 4418 and
426 4369 469 4432 gir
469 4384 495 4417 es
522 4383 538 4416 a
565 4367 678 4418 catholic
727 4419 766 4452 wo
751 4402 833 4452 m.
826 4421 852 4453 m
870 4405 913 4454 the
931 4405 1017 4472 Sym
1031 4383 1281 4486 mmm&

125 4454 276 4518 application
300 4457 327 4502 to
349 4454 392 4501 tho
413 4452 440 4500 fn
440 4452 536 4500 vourits
554 4451 633 4515 ligure
652 4451 681 4500 ol

126 4537 221 4600 hesy.
728 4497 950 4592 imbuo

1065 4713 1178 4777 21-e
