3225 5184
400 408 699 461 scmerunanuu
726 408 1028 463 Pnnvanmouss.
1245 396 1288 461 31

129 563 243 667 μιίζειν
261 564 457 668 βιαζόμενοι
475 567 520 641 τὰ
539 574 645 647 καλῶς
664 572 814 669 είρημίνα
833 581 905 647 τοῖς
921 576 1023 648 κακῶς
1036 572 1290 654 ίπινενοημίνοις
1312 579 1442 666 ξξξξξξ

129 680 182 749 ὑπ’
207 679 323 750 αὖτῶν·
364 681 418 751 καί
442 684 479 753 οὗ
498 684 600 766 μόνον
626 684 660 752 ἐκ
684 688 752 754 τῶν
780 684 1002 775 ειίαγγελικῶν
1022 684 1077 754 καί
1107 689 1174 756 τῶν
1202 672 1453 757 α’πο-ΙΫ-Βδῖἷίίέι

129 796 295 862 στολικῶν
317 799 492 892 πειρῶνται
515 793 577 872 τὰς
600 793 783 889 ἀποδείξεις
806 800 985 880 ποιεῖσθαι,
1010 797 1288 895 παρατρίποντες

128 900 190 979 τὰς
210 905 383 1003 ἑρμηνείας,
404 907 458 977 καί
472 906 746 1007 ῥᾳδιουργοῦντες
762 904 825 984 τὰς
848 906 1028 1001 ἐξηγήσεις·
1055 906 1157 992 εἰλλᾶ,
1178 910 1232 979 καί
1253 912 1287 980 εἰι

131 1017 230 1099 νόμον
251 1017 305 1087 καί
321 1025 515 1117 προφητῶν,
537 1019 600 1092 ἅτε
618 1025 755 1090 πολλῶν
775 1023 984 1119 παραβολῶν
1002 1021 1055 1092 καί
1074 1021 1287 1121 ἆλληγοριῶν

131 1130 308 1228 είρημίνων,
333 1131 387 1201 καί
407 1135 449 1208 εἰς
473 1129 589 1203 πολλὰ
611 1165 627 1202 ε
651 1163 717 1202 κειν
742 1130 919 1215 δυναμένων
941 1131 986 1204 τδ
1010 1134 1212 1232 ἀμφίβολον
1233 1133 1285 1205 διὰ

130 1250 188 1323 τῆς
214 1240 405 1336 ἐξηγήσεως,
435 1242 543 1344 ἕτεροι
568 1242 603 1315 δίε
627 1243 741 1327 δεινῶς,
763 1238 1004 1349 1[δεινοτέρας]
1031 1249 1082 1335 τῷ
1106 1243 1285 1330 πλάσματι

53 1398 59 1410 ·
131 1355 236 1425 αὐτῶν
266 1356 320 1425 καί
356 1354 471 1433 δολίως
498 1354 756 1457 ἐφαρμόζοντες,
790 1356 1096 1459 αἰχμαλωτίζουσιν
1127 1357 1197 1429 ἆπδ
1228 1367 1287 1441 τῆς

130 1465 284 1547 ἀληθείας
311 1468 387 1545 τοὺς
412 1469 456 1552 μὴ
480 1467 611 1567 ἑδραίαν
632 1470 693 1550 τὴν
722 1469 840 1541 πίστιν
862 1473 924 1546 ἐίς
951 1469 1006 1539 ἕνα
1036 1468 1122 1541 θεὸν
1153 1472 1286 1568 πατέρα

130 1576 403 1680 παντοκράτορα,
434 1580 488 1651 καὶ
513 1583 556 1659 είς
585 1580 641 1651 ἐ’να
665 1582 774 1679 κιίριον
796 1582 927 1663 Ἰησοῦν
950 1581 1110 1679 Χριστὸν
1134 1586 1196 1654 τδν
1218 1581 1287 1654 νίδν

128 1697 194 1763 τοῦ
210 1692 298 1762 θεοῦ
316 1689 622 1793 διαφυλάσσοντας.

211 1824 242 1891 7.
292 1803 348 1875 Τὰ
375 1804 410 1877 δὲ
439 1804 532 1882 ε’κτδς
560 1812 623 1877 τοῦ
652 1806 876 1904 πληρώματος
903 1808 1071 1897 λεγόμενα
1099 1808 1154 1877 ὑπ’
1180 1809 1286 1879 αὐτῶν

130 1916 205 1987 ε’στι
225 1923 377 1989 τοιαῦτα·
403 1918 463 1999 την
483 1917 683 2001 Ἐνθιίμησιν
700 1925 758 1999 τῆς
775 1916 839 1987 ἄνω
859 1918 1001 2016 Σοφίας,
1020 1918 1058 2001 ἣν
1077 1919 1131 1989 καί
1156 1918 1286 2015 3Ἀχα-

131 2028 203 2111 μῶθ
223 2036 389 2114 καλοῦσιν,
411 2030 658 2129 ἆφορισθεῖσαν
681 2036 744 2100 τοῦ
769 2024 873 2135 [ἅνω]
899 2031 1123 2127 πληρώματος
1152 2031 1211 2100 σὺν
1235 2040 1289 2121 τῷ

131 2138 229 2212 πείθει
249 2143 416 2235 λέγουσιν,
435 2144 468 2212 ἐν
485 2153 590 2220 σκιαῖς
606 2142 660 2213 καί
681 2143 913 2226 4σιιηνώματος
928 2137 1151 2247 [κενώματος]
1165 2144 1287 2221 τόποις

128 2359 170 2424 ab
194 2358 278 2445 ipsis.
331 2360 377 2425 Et
399 2382 462 2424 non
487 2360 588 2425 solnm
613 2366 722 2424 autem
745 2382 786 2423 ex
809 2358 1008 2446 Evangelicis
1034 2367 1068 2426 et
1089 2360 1285 2446 Apostolicis

129 2464 260 2523 tentant
293 2460 486 2524 ostensiones
520 2460 633 2529 lacere.
669 2467 891 2524 convertentes
923 2459 1215 2544 interpretationes,
1251 2469 1285 2527 et

129 2556 348 2623 adulterantes
365 2559 593 2643 expositiones:
613 2558 669 2623 sed
687 2558 784 2623 etism
801 2581 842 2623 ex
859 2558 946 2644 Lege
961 2568 995 2623 et
1013 2559 1192 2643 Prophetis,
1212 2582 1284 2625 cum

130 2654 240 2719 multae
258 2656 417 2741 parabola
434 2665 469 2721 et
481 2658 639 2743 allegoriae
656 2658 721 2723 sint
734 2658 839 2734 dictae,
852 2666 887 2723 et
901 2658 935 2722 in
947 2657 1050 2723 multa
1061 2658 1147 2723 trahi
1164 2659 1284 2743 possint

129 2754 313 2841 ambiguum
331 2778 388 2841 per
408 2756 646 2841 expositionem,
665 2757 850 2843 propensius
875 2758 917 2821 ad
940 2757 1128 2843 figmentum
1143 2780 1235 2821 suum
1250 2765 1285 2822 et

129 2852 237 2919 dolose
262 2856 463 2940 adaptantes,
490 2855 522 2918 in
543 2856 762 2941 captivitatem
786 2857 908 2922 ducunt
932 2880 952 2922 a
978 2857 1114 2921 veritate
1139 2880 1203 2933 eos,
1228 2857 1284 2943 qui

128 2973 192 3017 non
209 2954 334 3018 firmam
351 2954 446 3019 fidem
464 2954 497 3019 in
517 2977 615 3019 unum
634 2956 740 3021 Deum
759 2957 892 3022 Patrem
912 2956 1173 3042 omnipotentem,
1191 2965 1225 3021 et
1251 2957 1284 3021 in

127 3074 227 3117 unum
243 3052 267 3117 J
269 3076 356 3118 esum
370 3054 532 3119 Christum
549 3055 666 3120 Filium
685 3055 745 3120 Dei
762 3063 959 3121 conservant.

203 3153 232 3221 7.
281 3152 331 3217 Ea
348 3175 422 3218 vero
440 3177 511 3240 quae
528 3163 622 3220 extra
641 3142 789 3221 Pleroma
806 3156 956 3220 dicuntur
970 3155 1012 3219 ab
1029 3155 1076 3229 iis,
1094 3162 1171 3220 sunt
1190 3156 1283 3221 talia:

129 3250 340 3338 Enthymesin
353 3252 435 3318 illius
451 3253 621 3338 superioris
640 3253 779 3339 Sophioe,
798 3277 892 3339 quam
910 3263 944 3319 et
956 3254 1140 3319 Achamoth
1158 3264 1282 3332 vocant,

128 3360 309 3436 separatam
323 3374 343 3417 a
358 3352 521 3438 superiore
533 3353 716 3420 Pleromate
733 3376 804 3419 cum
822 3354 965 3439 passione
981 3354 1101 3433 dicunt,
1119 3353 1152 3417 in
1169 3354 1284 3419 umbra

176 3544 187 3577 ¹
203 3546 256 3594 The
264 3546 455 3609 representative
464 3547 493 3595 of
507 3549 541 3597 tr.
555 3548 581 3595 δὲ
592 3549 678 3597 δεινῶς.
723 3546 794 3611 suit:
809 3547 945 3597 Achamoth
958 3547 1030 3609 uredo,
1045 3548 1127 3598 adhue
1139 3548 1264 3611 φισνίῑιισ.

128 3625 235 3675 Irrould
246 3628 298 3676 also
309 3634 411 3692 suggest
422 3630 533 3691 ἑτεροῖος,
549 3631 632 3679 decor.
778 3628 790 3660 ⁴
813 3631 897 3679 Σκιαῖς
929 3630 969 3678 καὶ
1002 3632 1157 3689 σκηνώματα
1188 3630 1283 3695 πόκοις]

176 3707 252 3759 ’ἕνα
281 3710 334 3758 The
351 3710 436 3759 reader
453 3712 503 3759 will
519 3712 620 3761 ohserve
637 3711 680 3761 the
731 3710 877 3775 Legendum
894 3714 963 3762 σκιᾶς
985 3714 1025 3761 καί
1047 3715 1181 3771 κενώματος
1201 3714 1284 3763 τόποις

126 3798 199 3839 exact
210 3796 286 3839 terms
297 3792 326 3840 ol
339 3792 381 3840 the
393 3792 504 3842 Oriental
519 3792 612 3841 Creed:
630 3793 681 3841 this
727 3791 802 3854 juxta
821 3793 953 3856 antiquum
973 3792 1140 3857 Interpretem
1155 3799 1181 3842 et
1196 3794 1282 3842 Turo-

126 3874 195 3921 word
207 3874 255 3922 had
266 3875 328 3923 been
340 3876 485 3924 introduced
496 3876 522 3924 in
538 3876 559 3924 it
573 3880 600 3924 to
614 3880 681 3923 meet
730 3883 863 3932 nouarum,
878 3873 921 3935 qni
932 3873 974 3921 lib.
987 3872 1009 3921 1.
1018 3872 1108 3921 Ηατα.
1121 3873 1209 3921 Fatus
1226 3888 1282 3936 cap.

126 3956 224 4018 gnostic
234 3956 319 4005 rather
328 3958 391 4005 than
403 3957 490 4021 Pagcn
502 3974 577 4006 error.
733 3963 754 4013 7,
772 3968 797 4016 p.
818 3966 871 4016 199,
888 3954 954 4001 hauc
967 3958 1074 4001 matrem
1088 3953 1232 4002 Achamoth
1246 3954 1284 4002 ait

175 4034 186 4069 ³
202 4038 345 4087 schemen
357 4040 376 4088 e
388 4040 681 4104 sudenttytheflebrew
732 4034 756 4081 ἐν
771 4033 829 4093 σοι
842 4050 888 4080 τινι
903 4034 943 4080 καὶ
958 4035 1076 4091 revomi
1091 4034 1189 4094 curso.
1224 4034 1283 4096 Ινν

127 4124 211 4173 ,mn
225 4135 254 4167 or
265 4121 349 4169 rather
365 4122 409 4169 the
423 4121 509 4186 syrim
525 4104 679 4197 lm,
731 4114 857 4161 Isrnsus
867 4113 942 4177 poulo
957 4118 1015 4177 post
1031 4114 1124 4173 scribit,
1141 4115 1282 4161 καταλιλεῖ·

125 4194 280 4243 mesecond
291 4197 370 4246 osus
381 4198 531 4249 caesones
548 4202 681 4266 sephimth
732 4198 793 4257 φθαι
811 4196 885 4254 stro
900 4197 926 4243 e
942 4196 978 4256 ιν
996 4196 1077 4244 σκότει
1097 4197 1138 4244 καὶ
1155 4197 1281 4254 καύματι

126 4291 177 4324 was
197 4284 287 4335 amn,
307 4277 407 4327 derived
425 4278 489 4327 from
508 4279 551 4328 the
573 4282 681 4345 inspic-sd
732 4278 768 4326 Et
783 4278 826 4326 lib.
839 4276 876 4325 Π.
894 4292 948 4339 cap.
966 4287 988 4337 7,
1006 4276 1097 4339 saepius
1112 4274 1227 4323 nominat
1241 4290 1282 4322 co·

126 4358 276 4422 description
291 4359 320 4407 of
332 4358 425 4407 Divine
440 4359 553 4409 Wisdom
567 4362 592 4409 in
605 4364 678 4413 Prce.
731 4375 803 4411 cuum
814 4366 835 4407 a
845 4358 962 4407 μοιδεσπι.
980 4359 1058 4407 Porro
1069 4358 1281 4417 Tmnunnmnus,

125 4440 177 4490 viii.
197 4442 286 4502 Σοφία,
299 4442 394 4502 γνῶσις,
404 4442 501 4505 though
509 4442 681 4493 Tunruumarr
731 4458 785 4505 cap.
805 4455 835 4501 ¹4
852 4441 942 4490 habet:
961 4439 1066 4502 Euploea
1082 4446 1114 4487 at
1131 4437 1160 4486 a'c
1175 4438 1228 4487 loos
1245 4437 1282 4485 la·

125 4537 190 4586 says,
215 4523 258 4571 the
280 4521 418 4571 derivation
438 4522 467 4570 ol
486 4523 529 4572 the
548 4528 612 4573 term
629 4542 681 4575 was
730 4523 805 4571 minis
827 4522 915 4583 αὶίσια,
940 4521 1004 4584 quod
1024 4521 1171 4570 Pleromatis
1190 4526 1230 4578 cd,
1254 4518 1283 4568 ιἰι

125 4604 253 4653 unknown
270 4604 377 4662 tobim,
402 4602 551 4665 Ειιιλμιιωιίι
571 4604 601 4653 ἀι
625 4613 682 4655 ceta
729 4619 835 4654 οααωιινι
865 4610 935 4667 atque
965 4603 1041 4653 icccc
1071 4602 1138 4652 alec
1168 4601 1282 4665 Epicuri.
