3225 5184
487 386 698 440 vennunmr
725 386 913 439 saonece.
1206 368 1274 433 243

562 582 663 649 cnr.
691 582 834 647 xxrx.
1286 556 1436 689 siffis:

124 714 265 807 Quibus
289 714 510 815 temporibus
529 716 687 817 filerunt
721 740 850 809 omem,
881 714 947 816 qui
972 714 1152 816 predicti
1181 727 1274 804 serat,
1287 696 1436 780 ..3¹22

275 847 307 909 et
322 861 348 909 a
365 834 494 934 quibus
511 834 622 911 initia
639 849 671 911 et
688 833 877 911 doctrirms
894 847 1121 935 acceperunt.

200 984 232 1049 A
251 1007 381 1050 rrmsns
397 985 562 1063 matribus,
585 993 619 1053 et
642 986 797 1072 patribus,
820 992 855 1051 et
871 984 997 1072 proavis
1019 1007 1074 1050 eos
1097 983 1190 1069 qnia
1206 981 1278 1049 Vs·

125 1084 246 1151 lentiuo
277 1084 352 1160 sint,
381 1084 464 1151 sicut
493 1085 571 1173 ipsae
597 1085 766 1152 sententia
796 1093 830 1152 et
860 1086 980 1173 regulos
1010 1085 1186 1151 ostendunt
1212 1106 1277 1159 eos,

125 1185 337 1250 necessarium
360 1185 422 1250 snit
442 1185 610 1251 manifeste
627 1208 770 1273 arguere,
794 1193 829 1251 et
845 1186 879 1249 in
901 1184 1041 1251 medium
1063 1185 1177 1249 afferre
1200 1184 1278 1270 dog-

127 1292 217 1349 mata
235 1283 385 1369 ipsorum,
411 1285 437 1349 si
456 1285 509 1371 qui
526 1286 610 1351 forte
632 1308 671 1349 ex
688 1285 726 1350 iis
746 1284 970 1371 poenitentiam
986 1292 1129 1371 agentes,
1151 1290 1185 1349 et
1205 1304 1279 1348 eon-

127 1391 290 1449 vertentes
306 1384 348 1449 ad
362 1406 461 1449 unum
477 1385 577 1449 solum
594 1385 791 1450 conditorem
810 1393 844 1450 et
861 1384 967 1449 Deum
983 1385 1139 1449 factorem
1156 1382 1280 1447 univer-

128 1482 244 1558 sitatis,
268 1483 382 1549 salvari
400 1484 542 1569 possint:
569 1484 681 1570 reliqui
702 1492 812 1550 autem
834 1506 898 1549 uon
916 1484 985 1569 jam
1007 1482 1239 1547 abstrahantur
1261 1502 1282 1545 a

129 1604 228 1668 prava
255 1583 345 1667 quasi
365 1583 525 1649 verisimili
552 1584 697 1649 suasione
720 1605 840 1660 eorum,
864 1590 1017 1670 putantes
1044 1581 1147 1668 majus
1171 1589 1205 1646 et
1226 1578 1282 1645 ali-

131 1682 206 1768 quid
225 1681 320 1746 altius
343 1682 439 1747 abiis
460 1682 596 1749 soituros
612 1706 646 1749 se
666 1683 867 1769 mysterium3
891 1683 948 1747 sed
967 1706 987 1747 a
1007 1681 1099 1747 uobis
1115 1682 1197 1745 bene
1220 1679 1283 1743 dis-

131 1788 240 1846 centes
266 1804 336 1867 qum
355 1781 473 1847 abillis
493 1784 574 1848 male
592 1784 757 1861 donentur,
776 1783 945 1849 derideant
961 1781 1089 1868 quidem
1105 1778 1283 1845 doctrinam

132 1902 252 1959 eorum,
270 1880 396 1946 illomm
414 1890 521 1947 sutem
537 1884 757 1959 misereantur,
772 1882 827 1967 qui
844 1882 948 1947 adbuc
962 1882 995 1947 in
1018 1881 1068 1945 his
1090 1887 1158 1945 tam
1174 1878 1284 1943 miser-

132 1979 220 2045 rimis
245 1988 279 2046 et
300 1981 500 2046 instabilibus
517 1983 632 2047 sabulis
653 1988 778 2047 tantam
802 1982 972 2047 elationem
997 1987 1222 2057 assumsenmt,
1246 1984 1284 2042 ut

131 2080 277 2145 meliores
299 2081 486 2166 semetipsos
508 2081 637 2167 reliquis
654 2088 787 2166 propter
808 2082 906 2147 talem
923 2081 1128 2168 agnitionem,
1152 2078 1216 2142 imo
1239 2078 1284 2163 ig·

132 2180 323 2258 morantium,
351 2181 558 2250 arbitrentur.
611 2181 812 2247 ¹Delectatio
842 2189 951 2247 sutem
978 2202 1086 2246 eorum
1115 2179 1183 2243 baec
1215 2186 1284 2254 est;

133 2278 198 2343 sive
224 2280 391 2345 ²adverens
419 2302 473 2345 eos
496 2281 628 2347 victoria
655 2289 705 2345 est
732 2282 901 2347 sententiaa
924 2302 1035 2345 eorum
1059 2278 1285 2343 manifestatio.

134 2379 341 2466 Quapropter
356 2380 463 2445 conati
480 2404 587 2445 sumus
604 2403 662 2445 nos
679 2381 859 2447 universum
876 2381 958 2446 male
972 2379 1202 2464 ³compositum
1218 2376 1287 2442 vul-
1298 2388 1391 2429 cti-1&

135 2481 255 2564 peculae
289 2480 383 2564 hujus
412 2480 632 2565 corpusculum
661 2481 694 2543 in
724 2482 864 2545 medium
894 2481 1079 2564 producere,
1111 2485 1144 2543 et
1174 2484 1287 2561 aperte

135 2578 240 2643 lacere
256 2578 471 2644 manifestum.
518 2577 542 2641 J
544 2600 595 2644 am
611 2580 694 2644 enim
712 2600 776 2643 non
790 2580 900 2643 multis
917 2601 995 2663 opus
1012 2578 1074 2641 erit
1090 2577 1289 2641 sermonibus

136 2677 178 2741 ad
196 2678 403 2743 evertendum
425 2677 603 2743 doctrinam
625 2700 745 2755 eorum,
767 2678 970 2743 manifestam
993 2676 1138 2740 omnibus
1158 2675 1286 2739 factam.

138 2776 415 2852 Quemadmodum
428 2776 558 2841 ⁴bestioe
575 2777 706 2863 alicujus
719 2776 751 2841 in
768 2777 857 2864 sylva
873 2775 1078 2854 absconditas,
1092 2782 1127 2839 et
1142 2774 1217 2838 inde
1231 2774 1290 2839 im-

136 2884 246 2961 petum
259 2876 414 2956 facientis,
426 2883 460 2942 et
476 2876 593 2941 multos
609 2876 774 2954 vastantis,
786 2876 840 2962 qui
857 2882 1006 2963 segregat
1022 2882 1056 2941 et
1072 2874 1215 2939 denudat
1226 2874 1290 2960 syl·

136 2997 218 3056 vam,
237 2983 271 3042 et
287 2976 330 3041 ad
350 2975 499 3041 visionem
521 2976 688 3061 ⁵perdnxit
705 2977 806 3062 ipsam
823 2977 933 3052 feram,
948 2976 1016 3061 jam
1033 2996 1098 3040 non
1115 2974 1290 3039 elaboravit

137 3076 179 3139 ad
202 3076 399 3162 capiendam,
422 3075 583 3141 ⁶videntes
606 3076 755 3161 quoniam
778 3099 817 3142 ea
838 3075 996 3140 serasera
1017 3082 1083 3140 est:
1110 3074 1186 3160 ipsis
1206 3074 1290 3138 enim

137 3175 230 3240 adest
247 3176 354 3240 videre
371 3182 405 3240 et
422 3197 533 3240 cavere
549 3175 687 3261 impetus
704 3176 781 3261 ejus,
805 3183 840 3241 et
853 3174 988 3261 jaculari
1004 3174 1155 3258 undiquc,
1174 3181 1208 3237 et
1225 3172 1292 3237 vul-

137 3293 261 3353 nerare,
280 3282 315 3340 et
335 3274 516 3340 interficere
534 3276 740 3340 vastatricem
757 3276 844 3340 illam
868 3273 1015 3338 bestiam.
1061 3273 1114 3337 Sic
1134 3279 1168 3337 et
1187 3272 1288 3350 nobis,

139 3395 210 3437 oum
232 3374 265 3439 iu
285 3373 489 3439 manifestum
512 3374 728 3462 redegerimus
751 3396 861 3439 eorum
883 3372 1070 3438 abscondita
1091 3378 1125 3436 et
1148 3372 1234 3457 apud
1255 3393 1290 3435 se

138 3474 241 3540 tacita
272 3472 433 3560 mysteria,
460 3474 528 3559 jam
559 3496 624 3538 non
653 3474 716 3539 erit
748 3472 960 3539 necessarium
986 3472 1096 3537 multis
1125 3470 1291 3536 destruere

139 3594 249 3638 eorum
266 3574 469 3639 sententiam.
516 3574 622 3639 Adest
645 3574 730 3637 enim
747 3580 781 3638 et
797 3572 867 3648 tibi,
892 3581 928 3637 et
943 3572 1090 3636 omnibus
1112 3570 1167 3656 qui
1182 3576 1292 3636 tecum

139 3681 225 3752 sunt,
243 3674 285 3739 ad
308 3672 376 3737 haeo
398 3694 468 3760 quea
489 3674 644 3759 praedicta
664 3681 740 3739 sunt
760 3672 912 3749 exerceri,
935 3679 970 3737 et
988 3683 1133 3737 evertere
1152 3692 1291 3757 nequam

139 3770 281 3857 ipsomm
311 3773 473 3839 doctrinas
502 3770 553 3838 let
582 3772 770 3850 inconditas,
796 3780 831 3837 et
859 3779 938 3858 apte
963 3772 1093 3837 veritati
1123 3772 1292 3835 ostendere

188 3932 199 3965 ²
216 3932 353 3994 Deledetio,
372 3932 469 3983 damis
487 3934 607 3983 Fruann.
633 3932 688 3993 sive,
739 3934 862 3981 struction
872 3933 901 3980 ot
908 3934 952 3981 the
962 3932 1072 3995 genitive
1082 3931 1202 3981 absolute.

138 4014 199 4077 ἤτοι,
218 4032 284 4065 eene.
788 4012 1027 4075 ‘Thisreadingof
1037 4012 1080 4060 the
1091 4012 1294 4062 Cnm,MS.is

188 4096 200 4130 ¹
214 4098 309 4147 omae
320 4102 408 4162 quotes
416 4098 480 4146 from
489 4096 515 4147 S.
524 4098 543 4146 J
545 4096 690 4145 monade.
740 4094 877 4159 preferable
887 4092 1034 4153 coeddam,
1048 4093 1135 4141 0th
1147 4093 1196 4141 end
1206 4092 1292 4142 Mssa

138 4178 191 4228 Pel.
204 4196 260 4241 oa
294 4178 428 4229 neemiae
443 4186 531 4227 vestrae
543 4176 690 4239 prodidisse,
789 4174 927 4235 ‘videmos
951 4175 1002 4223 this
1022 4174 1132 4235 melleae
1151 4188 1210 4237 may
1231 4174 1295 4223 have

137 4268 307 4325 resperserunt.
331 4258 692 4322 Petdprimasronteblaeplre·
741 4254 1294 4317 srisenfromefalsoreadingintlreGreek,

138 4342 197 4391 mis.
232 4343 291 4391 Noa
307 4356 395 4392 aerem
411 4341 479 4389 babet
496 4339 612 4400 manci,
630 4340 694 4403 qvod
742 4338 803 4387 such
821 4353 849 4385 ae
868 4338 966 4399 ὁρῶντες
984 4338 1022 4385 tn
1039 4335 1078 4383 lor
1100 4335 1159 4397 ὀρῶν
1179 4335 1224 4395 ὅτι,
1249 4336 1297 4384 but

138 4424 277 4473 manaim
284 4424 433 4488 professione
442 4422 606 4485 blasphemum
616 4430 655 4471 est.
742 4419 803 4483 ipsis
825 4420 846 4469 is
867 4434 901 4467 no
923 4417 1058 4467 nnnatural
1079 4417 1210 4467 transition
1233 4418 1260 4466 in
1282 4433 1299 4466 a

189 4504 200 4538 ²
217 4506 327 4568 Onnum,
341 4507 388 4555 but
399 4502 531 4567 composita
541 4504 601 4564 Ars,
611 4502 692 4553 Voss.
742 4502 818 4566 lively
834 4502 992 4566 description.

189 4584 305 4635 ‘Bestia
323 4585 435 4649 alicujus.
469 4584 522 4634 'l'he
539 4584 622 4633 Greek
637 4599 693 4633 oon·
792 4582 987 4632 ⁷etieomitted
996 4582 1031 4647 by
1043 4581 1143 4631 Garat

1083 4669 1195 4733 lli—2
