3225 5184
300 407 343 474 68
708 422 736 474 s.
755 419 1053 474 scararunsnnu

145 625 222 668 Lm,
232 625 245 665 ς,
254 627 284 664 15,
303 585 338 668 ἢν
361 586 380 657 ὁ
410 581 521 682 σοφός
545 581 700 678 τεχνίτης
726 582 956 664 κατεσκεύασε,
983 577 1099 656 δεικνύς
1124 575 1185 656 τὰς
1210 575 1369 677 ψηφῖδας
1394 576 1455 655 πῶς

138 673 291 806 liislllilt
303 702 409 775 καλῶς
428 694 493 767 ύπό
516 700 579 766 τοῦ
603 695 760 789 τεχνίτου
785 699 849 764 τοῦ
874 694 1010 792 πρῶτον
1038 694 1081 769 εἷς
1107 692 1169 774 πίην
1195 695 1259 763 τοῦ
1287 691 1455 779 βασιλέως

139 821 289 897 ,ζζωζῡΪμ-,ζ
304 810 410 882 είκόνα
443 807 663 890 συντεθείσας,
699 811 800 883 κακῶς
835 803 870 875 di
908 804 972 875 ύπό
1007 811 1071 876 τοῦ
1105 805 1247 902 ὑστέρου
1285 806 1328 879 είς
1365 802 1456 879 κυνός

138 909 275 999 apponent.
303 923 439 1021 μορφὴν
461 919 721 1015 μετενεχθείσης,
745 917 798 988 καί
827 916 879 988 όιὰ
909 925 967 999 τῆς
992 923 1059 989 τῶν
1078 916 1240 1017 ψηφίδων
1266 916 1456 1014 φαντασίας

303 1033 471 1118 μεθοδεύοι
495 1031 572 1108 τοὺς
596 1031 841 1129 ιἰπειροτὲρους,
864 1029 941 1106 τούς
964 1027 1164 1124 κατάληψιν
1180 1030 1358 1117 βασιλικῆς
1374 1059 1458 1127 μορ-

304 1153 370 1246 φῆς
389 1147 443 1217 ούκ
462 1147 610 1241 ἔχοντας,
635 1144 688 1213 καί
714 1143 823 1214 πείθοι
848 1142 902 1214 ὅτι
926 1140 1009 1224 αύτη
1034 1147 1051 1224 ἡ
1074 1140 1191 1241 σαπρὰ
1211 1149 1269 1221 τῆς
1287 1141 1457 1218 ἀλώπεκος

304 1258 374 1329 ι’ύὲα
398 1258 492 1328 ἐστίν
516 1257 615 1338 ε’κείνη
640 1259 658 1337 ἡ
682 1256 766 1337 καλίη
789 1261 853 1326 τοῦ
876 1255 1045 1341 βασιλέως
1071 1257 1170 1325 εἰκῶν·
1205 1252 1267 1325 τόν
1293 1251 1394 1324 αι’κτόν
1420 1251 1458 1336 δίη

183 1399 210 1476 γ’
305 1372 435 1470 τρόπον
471 1368 525 1440 καί
563 1368 655 1439 οὗτοι
694 1372 805 1467 γραῶν
841 1369 960 1449 μύθους
995 1370 1297 1459 συγκαττύσαντες,
1340 1365 1457 1438 ἔπειτα
1471 1391 1541 1436 κον.

304 1488 439 1582 ῥύματα
456 1480 509 1552 καί
527 1478 633 1574 λέξεις
649 1480 703 1549 καί
724 1477 928 1578 παραβολὰς
948 1479 1023 1549 ὅθεν
1041 1480 1094 1550 καί
1113 1481 1216 1552 πόθεν
1229 1479 1457 1562 ἀποσπῶντες,

159 1615 230 1686 «ps
248 1613 280 1685 ειν
307 1593 512 1696 ἐφαρμόζειν
529 1593 713 1680 βούλονται
733 1602 804 1668 τοῖς
821 1593 934 1674 μύθοις
951 1593 1057 1662 αι’ντῶν
1068 1588 1213 1698 [ἑαυτῶν
1224 1597 1324 1683 Ερίιν.
1344 1586 1399 1696 8.]
1412 1590 1458 1664 τὰ

306 1709 411 1801 λόγια
440 1712 503 1779 τοῦ
528 1706 625 1776 θεοῦ.
674 1703 743 1775 Καὶ
768 1704 835 1774 ὅσα
859 1702 918 1787 μὲν
946 1704 979 1773 ἐν
1004 1715 1077 1781 τοῖς
1105 1700 1141 1808 [l.
1163 1716 1237 1784 τοῖς
1259 1701 1366 1810 εὐτόε]
1398 1712 1461 1777 τοῦ

308 1821 543 1919 Πληριίιματος
563 1813 823 1916 ἐφαρμόζουσιν,
844 1818 1022 1914 είρύκαμεν.

387 1931 442 2000 16.
487 1929 585 2001 Ὅσα
618 1927 652 1998 δὲ
681 1928 734 1998 καί
767 1939 839 2003 τοῖς
869 1925 964 2004 ε’κτός
996 1933 1060 1998 τοῦ
1088 1927 1324 2027 Πληρώματος
1355 1930 1460 2002 αὗτῶν

309 2046 539 2142 προσοικειοῦν
568 2045 743 2139 πειρῶνται
771 2041 804 2109 ε’κ
831 2044 896 2110 τῶν
925 2045 1077 2139 γραφῶν,
1107 2041 1181 2112 ἔστι
1208 2047 1362 2114 τοιαῦτα·
1398 2040 1460 2113 τόν

308 2152 434 2253 Κύριον
469 2155 502 2223 ε’ν
537 2163 609 2230 τοῖς
646 2147 808 2248 ε’σχότοις
842 2156 905 2224 τοῦ
936 2153 1064 2235 κόσμου
1101 2153 1233 2251 χαύνοις
1265 2152 1318 2224 διὰ
1353 2159 1459 2225 τοῦτο

309 2267 501 2349 ἐληλυθέναι
525 2264 580 2334 ἐπί
607 2263 650 2336 τό
677 2260 783 2341 πόθος
809 2266 977 2355 λέγουσιν,
1007 2267 1045 2335 ἵν’
1075 2262 1219 2359 ἐπιδείξῃ
1240 2264 1285 2338 τό
1305 2263 1460 2366 περὶτῶν

309 2381 459 2475 ἔσχατον
478 2382 543 2450 τῶν
560 2377 694 2448 Αίιύνιον
713 2374 853 2468 γεγονός
871 2373 986 2460 πόθος,
1007 2377 1061 2448 καί
1080 2375 1118 2446 dt’
1142 2379 1245 2448 αιἰτοῦ
1262 2385 1327 2449 τοῦ
1344 2379 1461 2454 πίλους

310 2493 438 2590 ἕμφῇνη
458 2489 501 2561 τό
519 2490 618 2565 τέλος
635 2497 693 2570 τῆς
718 2488 795 2586 περὶ
819 2487 896 2565 τούς
916 2488 1045 2566 Aleum
1061 2491 1307 2588 πραγματείας.
1340 2491 1410 2573 Τὴν
1427 2487 1463 2560 δὲ

310 2602 491 2685 dederant
529 2602 693 2700 παρθένον
723 2602 848 2683 ἐκείνην,
875 2601 935 2682 τὴν
960 2607 1024 2671 τοῦ
1049 2602 1332 2699 ἀρχισυναγώγου
1360 2606 1463 2695 θυγα-

309 2717 401 2817 τίρα,
429 2717 465 2798 ἣν
491 2711 636 2790 ε’πιστᾶς
673 2715 691 2782 ὁ
729 2712 854 2811 Κύριος
889 2715 922 2782 ἐκ
955 2718 1071 2812 νεκρῶν
1096 2713 1216 2812 ἤγειρε,
1246 2717 1353 2786 τύπον
1384 2713 1462 2785 εἶναι

310 2982 427 3050 artifex
443 2981 621 3056 fabricavit,
639 2981 810 3046 ostendens
826 3003 977 3069 gemmas,
995 3005 1065 3068 quae
1082 2985 1163 3048 hene
1180 2981 1305 3070 quidem
1324 3003 1344 3046 a
1360 2981 1463 3068 primo

310 3083 432 3149 artifice
454 3081 487 3146 in
504 3081 588 3169 regis
609 3079 779 3168 imaginem
796 3081 979 3166 compositae
1002 3091 1106 3159 erant,
1124 3081 1207 3148 male
1226 3104 1301 3148 vero
1323 3105 1344 3147 a
1359 3088 1465 3168 poste·

311 3183 394 3248 riore
411 3181 444 3246 in
467 3181 554 3246 canis
570 3181 705 3269 figuram
723 3181 888 3246 translatae
906 3189 991 3256 sunt,
1009 3191 1043 3246 et
1066 3205 1125 3267 per
1146 3204 1344 3270 gemmarum
1367 3181 1466 3268 phan-

313 3283 429 3348 tasiam
447 3281 587 3366 decipiat
604 3280 731 3356 idiotas,
743 3279 798 3365 qui
810 3280 1126 3366 comprehensionem
1139 3281 1256 3366 regalis
1274 3282 1386 3346 l'ormae
1400 3303 1466 3345 non

310 3383 461 3459 habeant,
476 3389 509 3446 et
524 3380 657 3444 suadent
675 3379 824 3464 quoniam
839 3380 907 3445 haee
923 3379 1026 3465 turpis
1042 3379 1214 3465 vulpeculae
1231 3380 1334 3467 ligura
1346 3380 1401 3446 illa
1417 3388 1466 3445 est

311 3483 397 3548 bona
429 3480 514 3566 regis
546 3480 671 3564 imago:
717 3478 828 3542 eodem
865 3478 960 3543 modo
986 3487 1020 3543 et
1044 3478 1078 3542 hi
1112 3479 1308 3545 anicularum
1343 3480 1467 3545 fabulas

311 3587 506 3646 assumentes
534 3577 745 3664 [adsuentes],
769 3583 842 3663 post
865 3577 980 3642 deinde
1005 3600 1175 3654 sermones,
1194 3590 1227 3643 et
1251 3579 1415 3654 dictiones,
1433 3587 1467 3644 et

311 3677 478 3763 parabolas
513 3676 586 3741 hinc
619 3675 694 3740 inde
721 3676 913 3753 auferentes,
943 3677 1098 3762 adaptare
1125 3678 1235 3743 volunt
1262 3678 1377 3743 fabulis
1403 3677 1468 3743 suis

310 3777 436 3862 eloquia
451 3775 521 3840 Dei.
550 3776 593 3839 Et
605 3781 726 3860 quanta
739 3775 866 3860 quidem
879 3775 926 3851 iis,
939 3775 992 3862 qni
1008 3775 1109 3863 [quae]
1122 3785 1198 3842 eunt
1210 3777 1297 3842 intra
1308 3777 1467 3857 Pleroma,

310 3885 437 3963 aptant,
456 3874 602 3940 diximus.

389 3978 440 4042 16.
488 3973 620 4052 Quanta
641 3983 749 4039 autem
772 3976 813 4039 de
834 3974 881 4045 iis,
902 3974 957 4060 qui
975 3971 1078 4063 [quae]
1098 3983 1193 4041 extra
1219 3976 1370 4043 Pleroma
1393 3987 1470 4044 sunt

310 4077 460 4161 ipsorum,
484 4075 526 4140 ad
549 4097 622 4140 suos
648 4074 808 4139 insinuare
832 4082 989 4139 conantur
1009 4098 1049 4139 ex
1075 4075 1259 4162 Scripturis,
1278 4087 1353 4142 sunt
1370 4075 1466 4140 talia:

311 4175 484 4240 Dominum
501 4175 534 4239 in
552 4173 727 4238 novissimis
745 4173 855 4237 mnndi
873 4175 1068 4258 temporibus
1080 4185 1214 4261 propter
1226 4162 1469 4241 hoe‘vcnissead

309 4275 486 4360 passionem
497 4275 661 4344 dicunt‚nt
672 4273 832 4349 ostendat,
845 4295 916 4358 qnae
926 4273 1010 4337 eirca
1019 4273 1221 4338 novissimum
1232 4275 1372 4338 AEonum
1383 4271 1471 4337 iacta

309 4381 368 4449 cst,
382 4373 570 4459 passionem,
590 4379 623 4436 et
641 4393 698 4456 per
714 4371 798 4435 hunc
814 4373 911 4436 finem
924 4371 1107 4438 manifestet
1123 4373 1219 4438 finem
1237 4373 1314 4458 ejus,
1329 4391 1401 4456 quae
1420 4379 1471 4436 est

144 4475 248 4573 222ssst
258 4477 280 4515 ⁴¹
309 4473 394 4539 circa
413 4474 545 4546 AEonaa
560 4469 784 4557 dispositionis.
824 4468 1002 4536 Duodecim
1019 4482 1128 4537 autem
1143 4492 1299 4536 annorum
1316 4468 1471 4557 virginem

309 4570 396 4637 illam
421 4570 662 4657 archisynagogi
689 4570 797 4646 liliam,
817 4592 914 4655 quam
936 4571 1084 4636 insistens
1111 4570 1266 4636 Dominus
1290 4593 1313 4636 a
1335 4569 1471 4635 mortuis
