<?xml version="1.0" encoding="UTF-8"?>
<!DOCTYPE html PUBLIC "-//W3C//DTD XHTML 1.0 Transitional//EN"
    "http://www.w3.org/TR/xhtml1/DTD/xhtml1-transitional.dtd">
<html xmlns="http://www.w3.org/1999/xhtml" xml:lang="en" lang="en">
 <head>
  <title>
</title>
<meta http-equiv="Content-Type" content="text/html;charset=utf-8" />
  <meta name='ocr-system' content='tesseract 3.04.00' />
  <meta name='ocr-capabilities' content='ocr_page ocr_carea ocr_par ocr_line ocrx_word'/>
</head>
<body>
  <div class='ocr_page' id='page_1' title='image "./sanctiirenilibr01irengoog_0379.png"; bbox 0 0 3225 5184; ppageno 0'>
   <div class='ocr_carea' id='block_1_1' title="bbox 601 336 1332 404">
    <p class='ocr_par' dir='ltr' id='par_1_1' title="bbox 601 336 1332 404">
     <span class='ocr_line' id='line_1_1' title="bbox 601 336 1332 404; baseline 0.01 -7"><span class='ocrx_word' id='word_1_1' title='bbox 601 346 892 403; x_wconf 78' lang='lat' dir='ltr'>nsncosronnu.</span> <span class='ocrx_word' id='word_1_2' title='bbox 1268 336 1332 404; x_wconf 86' lang='lat'>181</span> 
     </span>
    </p>
   </div>
   <div class='ocr_carea' id='block_1_2' title="bbox 176 504 1502 717">
    <p class='ocr_par' dir='ltr' id='par_1_2' title="bbox 176 504 1502 717">
     <span class='ocr_line' id='line_1_2' title="bbox 178 504 1502 616; baseline 0.008 -42"><span class='ocrx_word' id='word_1_3' title='bbox 178 504 374 604; x_wconf 80' lang='grc' dir='ltr'>ἆιιρατῆτων</span> <span class='ocrx_word' id='word_1_4' title='bbox 389 504 443 577; x_wconf 76' lang='grc' dir='ltr'>καὶ</span> <span class='ocrx_word' id='word_1_5' title='bbox 464 504 617 605; x_wconf 82' lang='grc' dir='ltr'>ἆορᾶτιυν</span> <span class='ocrx_word' id='word_1_6' title='bbox 633 510 762 609; x_wconf 75' lang='grc' dir='ltr'>μητέρα</span> <span class='ocrx_word' id='word_1_7' title='bbox 781 505 1011 609; x_wconf 78' lang='grc' dir='ltr'>ὑπάρχουσαν.</span> <span class='ocrx_word' id='word_1_8' title='bbox 1061 512 1133 584; x_wconf 75' lang='grc' dir='ltr'>Καὶ</span> <span class='ocrx_word' id='word_1_9' title='bbox 1154 510 1208 584; x_wconf 75' lang='grc' dir='ltr'>διὰ</span> <span class='ocrx_word' id='word_1_10' title='bbox 1226 520 1333 588; x_wconf 76' lang='grc' dir='ltr'>τοῦτο</span> <span class='ocrx_word' id='word_1_11' title='bbox 1345 526 1502 616; x_wconf 50' lang='lat' dir='ltr'>gfflfffif</span> 
     </span>
     <span class='ocr_line' id='line_1_3' title="bbox 176 614 1499 717; baseline 0.008 -30"><span class='ocrx_word' id='word_1_12' title='bbox 176 614 331 690; x_wconf 74' lang='grc' dir='ltr'>ἄστατον</span> <span class='ocrx_word' id='word_1_13' title='bbox 359 616 470 703; x_wconf 70' lang='grc' dir='ltr'>οὖσαν,</span> <span class='ocrx_word' id='word_1_14' title='bbox 498 620 562 716; x_wconf 75' lang='grc' dir='ltr'>οὔχ</span> <span class='ocrx_word' id='word_1_15' title='bbox 586 622 702 698; x_wconf 77' lang='grc' dir='ltr'>α’πλῶς</span> <span class='ocrx_word' id='word_1_16' title='bbox 727 620 800 692; x_wconf 74' lang='grc' dir='ltr'>οὐδὲ</span> <span class='ocrx_word' id='word_1_17' title='bbox 825 623 870 693; x_wconf 75' lang='grc' dir='ltr'>ἐνὶ</span> <span class='ocrx_word' id='word_1_18' title='bbox 892 625 988 715; x_wconf 79' lang='grc' dir='ltr'>λόγῳ</span> <span class='ocrx_word' id='word_1_19' title='bbox 1010 624 1225 717; x_wconf 76' lang='grc' dir='ltr'>ἀπαγγεῖλαί</span> <span class='ocrx_word' id='word_1_20' title='bbox 1242 628 1329 700; x_wconf 84' lang='grc' dir='ltr'>ε’στι·</span> <span class='ocrx_word' id='word_1_21' title='bbox 1344 620 1499 709; x_wconf 52' lang='lat' dir='ltr'>mim</span> 
     </span>
    </p>
   </div>
   <div class='ocr_carea' id='block_1_3' title="bbox 1344 738 1494 755">
    <p class='ocr_par' dir='ltr' id='par_1_3' title="bbox 1344 738 1494 755">
     <span class='ocr_line' id='line_1_4' title="bbox 1344 738 1494 755; baseline -0.013 -3"><span class='ocrx_word' id='word_1_22' title='bbox 1344 738 1494 755; x_wconf 47' lang='grc' dir='ltr'><em>ῳ</em></span> 
     </span>
    </p>
   </div>
   <div class='ocr_carea' id='block_1_4' title="bbox 173 726 1329 837">
    <p class='ocr_par' dir='ltr' id='par_1_4' title="bbox 173 726 1329 837">
     <span class='ocr_line' id='line_1_5' title="bbox 173 726 1329 837; baseline 0.01 -38"><span class='ocrx_word' id='word_1_23' title='bbox 173 726 228 799; x_wconf 72' lang='grc' dir='ltr'>διὰ</span> <span class='ocrx_word' id='word_1_24' title='bbox 251 728 295 801; x_wconf 80' lang='grc' dir='ltr'>τὸ</span> <span class='ocrx_word' id='word_1_25' title='bbox 320 728 356 800; x_wconf 71' lang='grc' dir='ltr'>ἓν</span> <span class='ocrx_word' id='word_1_26' title='bbox 387 726 429 837; x_wconf 79' lang='grc' dir='ltr'>[ἰ.</span> <span class='ocrx_word' id='word_1_27' title='bbox 458 726 534 836; x_wconf 76' lang='grc' dir='ltr'>ἕνα]</span> <span class='ocrx_word' id='word_1_28' title='bbox 566 734 710 805; x_wconf 80' lang='grc' dir='ltr'>ἕκαστον</span> <span class='ocrx_word' id='word_1_29' title='bbox 739 736 854 818; x_wconf 80' lang='grc' dir='ltr'>αι’ντῶν,</span> <span class='ocrx_word' id='word_1_30' title='bbox 882 736 988 812; x_wconf 77' lang='grc' dir='ltr'>καθὼς</span> <span class='ocrx_word' id='word_1_31' title='bbox 1015 737 1110 809; x_wconf 70' lang='lat' dir='ltr'>edroi</span> <span class='ocrx_word' id='word_1_32' title='bbox 1133 740 1329 826; x_wconf 74' lang='grc' dir='ltr'>βούλονται,</span> 
     </span>
    </p>
   </div>
   <div class='ocr_carea' id='block_1_5' title="bbox 74 840 1329 1625">
    <p class='ocr_par' dir='ltr' id='par_1_5' title="bbox 74 840 1329 1625">
     <span class='ocr_line' id='line_1_6' title="bbox 174 840 1329 945; baseline 0.01 -34"><span class='ocrx_word' id='word_1_33' title='bbox 174 840 391 941; x_wconf 76' lang='grc' dir='ltr'>παραδιδόναι</span> <span class='ocrx_word' id='word_1_34' title='bbox 430 845 539 927; x_wconf 75' lang='grc' dir='ltr'>αὐτήν.</span> <span class='ocrx_word' id='word_1_35' title='bbox 601 844 707 917; x_wconf 83' lang='grc' dir='ltr'>Ὅσοι</span> <span class='ocrx_word' id='word_1_36' title='bbox 746 843 815 945; x_wconf 80' lang='grc' dir='ltr'>γάρ</span> <span class='ocrx_word' id='word_1_37' title='bbox 853 850 917 919; x_wconf 82' lang='grc' dir='ltr'>εἰσι</span> <span class='ocrx_word' id='word_1_38' title='bbox 952 850 1073 933; x_wconf 71' lang='grc' dir='ltr'>ταύτης</span> <span class='ocrx_word' id='word_1_39' title='bbox 1107 858 1166 933; x_wconf 74' lang='grc' dir='ltr'>τῆς</span> <span class='ocrx_word' id='word_1_40' title='bbox 1200 855 1329 945; x_wconf 72' lang='grc' dir='ltr'>γνώμης</span> 
     </span>
     <span class='ocr_line' id='line_1_7' title="bbox 172 956 1328 1066; baseline 0.01 -41"><span class='ocrx_word' id='word_1_41' title='bbox 172 956 407 1048; x_wconf 76' lang='grc' dir='ltr'>μυσταγωγοὶ,</span> <span class='ocrx_word' id='word_1_42' title='bbox 428 963 594 1029; x_wconf 83' lang='grc' dir='ltr'>τοσαῦται</span> <span class='ocrx_word' id='word_1_43' title='bbox 619 958 879 1057; x_wconf 79' lang='grc' dir='ltr'>ἆπολντρῶσεις.</span> <span class='ocrx_word' id='word_1_44' title='bbox 930 960 1001 1032; x_wconf 75' lang='lat' dir='ltr'>Kal</span> <span class='ocrx_word' id='word_1_45' title='bbox 1021 962 1075 1034; x_wconf 82' lang='grc' dir='ltr'>ὅτι</span> <span class='ocrx_word' id='word_1_46' title='bbox 1093 961 1154 1047; x_wconf 75' lang='grc' dir='ltr'>μὲν</span> <span class='ocrx_word' id='word_1_47' title='bbox 1170 966 1213 1042; x_wconf 79' lang='grc' dir='ltr'>εἰς</span> <span class='ocrx_word' id='word_1_48' title='bbox 1230 962 1328 1066; x_wconf 79' lang='grc' dir='ltr'>ε’ξάρ·</span> 
     </span>
     <span class='ocr_line' id='line_1_8' title="bbox 173 1070 1325 1166; baseline 0.011 -29"><span class='ocrx_word' id='word_1_49' title='bbox 173 1099 264 1149; x_wconf 89' lang='grc' dir='ltr'>νησιν</span> <span class='ocrx_word' id='word_1_50' title='bbox 300 1074 363 1139; x_wconf 76' lang='grc' dir='ltr'>τοῦ</span> <span class='ocrx_word' id='word_1_51' title='bbox 396 1070 642 1157; x_wconf 73' lang='grc' dir='ltr'>βαπτίσματος</span> <span class='ocrx_word' id='word_1_52' title='bbox 680 1078 738 1153; x_wconf 68' lang='lat' dir='ltr'>&#39;rie</span> <span class='ocrx_word' id='word_1_53' title='bbox 774 1073 818 1149; x_wconf 76' lang='lat' dir='ltr'>eie</span> <span class='ocrx_word' id='word_1_54' title='bbox 852 1071 940 1143; x_wconf 81' lang='grc' dir='ltr'>Θεὸν</span> <span class='ocrx_word' id='word_1_55' title='bbox 970 1074 1235 1166; x_wconf 72' lang='grc' dir='ltr'>ιἆναγενννὶσεανε,</span> <span class='ocrx_word' id='word_1_56' title='bbox 1270 1079 1325 1150; x_wconf 73' lang='grc' dir='ltr'>καὶ</span> 
     </span>
     <span class='ocr_line' id='line_1_9' title="bbox 172 1179 1327 1273; baseline 0.01 -22"><span class='ocrx_word' id='word_1_57' title='bbox 172 1179 281 1263; x_wconf 79' lang='grc' dir='ltr'>πάσης</span> <span class='ocrx_word' id='word_1_58' title='bbox 317 1190 376 1265; x_wconf 75' lang='grc' dir='ltr'>τῆς</span> <span class='ocrx_word' id='word_1_59' title='bbox 413 1181 557 1260; x_wconf 75' lang='grc' dir='ltr'>πίστεως</span> <span class='ocrx_word' id='word_1_60' title='bbox 596 1183 759 1255; x_wconf 79' lang='grc' dir='ltr'>ἀπόθεσιν</span> <span class='ocrx_word' id='word_1_61' title='bbox 793 1185 1032 1273; x_wconf 75' lang='grc' dir='ltr'>ὑποβέβληται</span> <span class='ocrx_word' id='word_1_62' title='bbox 1069 1186 1113 1259; x_wconf 75' lang='grc' dir='ltr'>τὸ</span> <span class='ocrx_word' id='word_1_63' title='bbox 1146 1186 1231 1266; x_wconf 76' lang='grc' dir='ltr'>εἶδος</span> <span class='ocrx_word' id='word_1_64' title='bbox 1263 1195 1327 1262; x_wconf 81' lang='grc' dir='ltr'>τοῦ</span> 
     </span>
     <span class='ocr_line' id='line_1_10' title="bbox 172 1287 1327 1397; baseline 0.01 -34"><span class='ocrx_word' id='word_1_65' title='bbox 172 1287 318 1397; x_wconf 80' lang='grc' dir='ltr'>[τοῦτο]</span> <span class='ocrx_word' id='word_1_66' title='bbox 343 1292 406 1366; x_wconf 76' lang='grc' dir='ltr'>ὑπὸ</span> <span class='ocrx_word' id='word_1_67' title='bbox 433 1300 497 1366; x_wconf 76' lang='grc' dir='ltr'>τοῦ</span> <span class='ocrx_word' id='word_1_68' title='bbox 520 1295 669 1379; x_wconf 83' lang='grc' dir='ltr'>Σατανᾶ,</span> <span class='ocrx_word' id='word_1_69' title='bbox 696 1296 896 1392; x_wconf 75' lang='grc' dir='ltr'>ἐλέγχοντες</span> <span class='ocrx_word' id='word_1_70' title='bbox 923 1299 1038 1376; x_wconf 77' lang='grc' dir='ltr'>αὖτοὺς</span> <span class='ocrx_word' id='word_1_71' title='bbox 1065 1299 1327 1393; x_wconf 76' lang='grc' dir='ltr'>ἀπαγγελοῦμεν</span> 
     </span>
     <span class='ocr_line' id='line_1_11' title="bbox 173 1406 1325 1506; baseline 0.01 -32"><span class='ocrx_word' id='word_1_72' title='bbox 173 1406 205 1475; x_wconf 93' lang='grc' dir='ltr'>ε’ν</span> <span class='ocrx_word' id='word_1_73' title='bbox 225 1410 273 1496; x_wconf 76' lang='grc' dir='ltr'>τῷ</span> <span class='ocrx_word' id='word_1_74' title='bbox 291 1412 495 1506; x_wconf 76' lang='grc' dir='ltr'>προσήκοντι</span> <span class='ocrx_word' id='word_1_75' title='bbox 514 1408 620 1499; x_wconf 83' lang='grc' dir='ltr'>τόπῳ.</span> <span class='ocrx_word' id='word_1_76' title='bbox 674 1406 828 1500; x_wconf 77' lang='grc' dir='ltr'>Λέγουσι</span> <span class='ocrx_word' id='word_1_77' title='bbox 856 1406 891 1479; x_wconf 75' lang='grc' dir='ltr'>δὲ</span> <span class='ocrx_word' id='word_1_78' title='bbox 916 1411 1016 1495; x_wconf 72' lang='grc' dir='ltr'>αὐτὴν</span> <span class='ocrx_word' id='word_1_79' title='bbox 1038 1412 1221 1504; x_wconf 79' lang='grc' dir='ltr'>ἆναγιιαὶαν</span> <span class='ocrx_word' id='word_1_80' title='bbox 1244 1414 1325 1486; x_wconf 81' lang='grc' dir='ltr'>εἶναι</span> 
     </span>
     <span class='ocr_line' id='line_1_12' title="bbox 74 1520 1324 1625; baseline 0.014 -42"><span class='ocrx_word' id='word_1_81' title='bbox 74 1544 143 1587; x_wconf 74' lang='lat' dir='ltr'>nes</span> <span class='ocrx_word' id='word_1_82' title='bbox 171 1529 243 1596; x_wconf 78' lang='grc' dir='ltr'>τοῖς</span> <span class='ocrx_word' id='word_1_83' title='bbox 270 1520 331 1602; x_wconf 68' lang='grc' dir='ltr'>τὴν</span> <span class='ocrx_word' id='word_1_84' title='bbox 355 1521 486 1592; x_wconf 76' lang='grc' dir='ltr'>τελείαν</span> <span class='ocrx_word' id='word_1_85' title='bbox 513 1525 634 1611; x_wconf 77' lang='grc' dir='ltr'>γνῶσιν</span> <span class='ocrx_word' id='word_1_86' title='bbox 659 1522 846 1619; x_wconf 78' lang='grc' dir='ltr'>εἰληφόσιν,</span> <span class='ocrx_word' id='word_1_87' title='bbox 870 1523 922 1593; x_wconf 78' lang='grc' dir='ltr'>ἰ’να</span> <span class='ocrx_word' id='word_1_88' title='bbox 948 1526 992 1600; x_wconf 74' lang='grc' dir='ltr'>εἷς·</span> <span class='ocrx_word' id='word_1_89' title='bbox 1015 1524 1076 1607; x_wconf 70' lang='grc' dir='ltr'>τὴν</span> <span class='ocrx_word' id='word_1_90' title='bbox 1100 1524 1182 1625; x_wconf 73' lang='grc' dir='ltr'>ὑπὲρ</span> <span class='ocrx_word' id='word_1_91' title='bbox 1211 1523 1324 1600; x_wconf 78' lang='grc' dir='ltr'>πάντα</span> 
     </span>
    </p>
   </div>
   <div class='ocr_carea' id='block_1_6' title="bbox 169 1741 1324 2629">
    <p class='ocr_par' dir='ltr' id='par_1_6' title="bbox 169 1741 1324 2629">
     <span class='ocr_line' id='line_1_13' title="bbox 171 1741 1324 1833; baseline 0.005 -25"><span class='ocrx_word' id='word_1_92' title='bbox 171 1741 370 1808; x_wconf 90' lang='lat' dir='ltr'>hensibilium</span> <span class='ocrx_word' id='word_1_93' title='bbox 392 1752 425 1809; x_wconf 90' lang='lat' dir='ltr'>et</span> <span class='ocrx_word' id='word_1_94' title='bbox 449 1742 654 1810; x_wconf 85' lang='lat' dir='ltr'>invisibilium</span> <span class='ocrx_word' id='word_1_95' title='bbox 671 1750 785 1811; x_wconf 90' lang='lat' dir='ltr'>mater.</span> <span class='ocrx_word' id='word_1_96' title='bbox 838 1745 885 1811; x_wconf 85' lang='lat' dir='ltr'>Et</span> <span class='ocrx_word' id='word_1_97' title='bbox 902 1754 1036 1833; x_wconf 87' lang='lat' dir='ltr'>propter</span> <span class='ocrx_word' id='word_1_98' title='bbox 1052 1747 1113 1814; x_wconf 91' lang='lat' dir='ltr'>hoe</span> <span class='ocrx_word' id='word_1_99' title='bbox 1128 1762 1200 1814; x_wconf 82' lang='lat' dir='ltr'>&#39;cum</span> <span class='ocrx_word' id='word_1_100' title='bbox 1217 1748 1260 1814; x_wconf 92' lang='lat' dir='ltr'>sit</span> <span class='ocrx_word' id='word_1_101' title='bbox 1275 1748 1324 1815; x_wconf 92' lang='lat' dir='ltr'>in·</span> 
     </span>
     <span class='ocr_line' id='line_1_14' title="bbox 171 1842 1323 1930; baseline 0.006 -23"><span class='ocrx_word' id='word_1_102' title='bbox 171 1842 304 1919; x_wconf 85' lang='lat' dir='ltr'>stabilis,</span> <span class='ocrx_word' id='word_1_103' title='bbox 330 1864 394 1908; x_wconf 92' lang='lat' dir='ltr'>non</span> <span class='ocrx_word' id='word_1_104' title='bbox 419 1843 614 1930; x_wconf 87' lang='lat' dir='ltr'>simpliciter,</span> <span class='ocrx_word' id='word_1_105' title='bbox 641 1866 744 1930; x_wconf 92' lang='lat' dir='ltr'>neque</span> <span class='ocrx_word' id='word_1_106' title='bbox 769 1867 833 1910; x_wconf 89' lang='lat' dir='ltr'>uno</span> <span class='ocrx_word' id='word_1_107' title='bbox 857 1868 1003 1912; x_wconf 81' lang='lat' dir='ltr'><strong>sermone</strong></span> <span class='ocrx_word' id='word_1_108' title='bbox 1026 1848 1227 1914; x_wconf 82' lang='lat' dir='ltr'>referendum</span> <span class='ocrx_word' id='word_1_109' title='bbox 1252 1857 1323 1914; x_wconf 84' lang='lat' dir='ltr'>est:</span> 
     </span>
     <span class='ocr_line' id='line_1_15' title="bbox 172 1942 1324 2033; baseline 0.007 -26"><span class='ocrx_word' id='word_1_110' title='bbox 172 1942 319 2028; x_wconf 86' lang='lat' dir='ltr'>quoniam</span> <span class='ocrx_word' id='word_1_111' title='bbox 331 1944 544 2030; x_wconf 79' lang='lat' dir='ltr'>unusquisque</span> <span class='ocrx_word' id='word_1_112' title='bbox 555 1944 691 2019; x_wconf 89' lang='lat' dir='ltr'>illorum,</span> <span class='ocrx_word' id='word_1_113' title='bbox 703 1945 969 2030; x_wconf 79' lang='lat' dir='ltr'>quemadmodum</span> <span class='ocrx_word' id='word_1_114' title='bbox 985 1947 1044 2033; x_wconf 89' lang='lat' dir='ltr'>ipsi</span> <span class='ocrx_word' id='word_1_115' title='bbox 1056 1948 1177 2025; x_wconf 89' lang='lat' dir='ltr'>volunt,</span> <span class='ocrx_word' id='word_1_116' title='bbox 1188 1949 1324 2015; x_wconf 87' lang='lat' dir='ltr'>tradunt</span> 
     </span>
     <span class='ocr_line' id='line_1_16' title="bbox 171 2042 1322 2133; baseline 0.007 -28"><span class='ocrx_word' id='word_1_117' title='bbox 171 2063 252 2106; x_wconf 91' lang='lat' dir='ltr'>eam.</span> <span class='ocrx_word' id='word_1_118' title='bbox 300 2042 423 2118; x_wconf 84' lang='lat' dir='ltr'>Quanti</span> <span class='ocrx_word' id='word_1_119' title='bbox 440 2042 524 2108; x_wconf 91' lang='lat' dir='ltr'>enirn</span> <span class='ocrx_word' id='word_1_120' title='bbox 541 2052 616 2109; x_wconf 90' lang='lat' dir='ltr'>sunt</span> <span class='ocrx_word' id='word_1_121' title='bbox 633 2043 813 2129; x_wconf 90' lang='lat' dir='ltr'>hujusmodi</span> <span class='ocrx_word' id='word_1_122' title='bbox 829 2046 998 2110; x_wconf 84' lang='lat' dir='ltr'>sententiae</span> <span class='ocrx_word' id='word_1_123' title='bbox 1011 2046 1136 2133; x_wconf 78' lang='lat' dir='ltr'>mystici</span> <span class='ocrx_word' id='word_1_124' title='bbox 1149 2046 1322 2123; x_wconf 78' lang='lat' dir='ltr'>antistites,</span> 
     </span>
     <span class='ocr_line' id='line_1_17' title="bbox 171 2142 1324 2232; baseline 0.004 -26"><span class='ocrx_word' id='word_1_125' title='bbox 171 2149 223 2208; x_wconf 92' lang='lat' dir='ltr'>tot</span> <span class='ocrx_word' id='word_1_126' title='bbox 239 2151 314 2208; x_wconf 90' lang='lat' dir='ltr'>sunt</span> <span class='ocrx_word' id='word_1_127' title='bbox 338 2150 371 2207; x_wconf 91' lang='lat' dir='ltr'>et</span> <span class='ocrx_word' id='word_1_128' title='bbox 395 2142 638 2228; x_wconf 76' lang='lat' dir='ltr'>redemptiones.</span> <span class='ocrx_word' id='word_1_129' title='bbox 692 2143 738 2209; x_wconf 90' lang='lat' dir='ltr'>Et</span> <span class='ocrx_word' id='word_1_130' title='bbox 754 2144 829 2230; x_wconf 87' lang='lat' dir='ltr'>quia</span> <span class='ocrx_word' id='word_1_131' title='bbox 845 2145 887 2209; x_wconf 90' lang='lat' dir='ltr'>ad</span> <span class='ocrx_word' id='word_1_132' title='bbox 903 2146 1106 2232; x_wconf 84' lang='lat' dir='ltr'>negationem</span> <span class='ocrx_word' id='word_1_133' title='bbox 1122 2146 1324 2232; x_wconf 88' lang='lat' dir='ltr'>baptismatis</span> 
     </span>
     <span class='ocr_line' id='line_1_18' title="bbox 171 2240 1322 2330; baseline 0.003 -23"><span class='ocrx_word' id='word_1_134' title='bbox 171 2242 238 2326; x_wconf 87' lang='lat' dir='ltr'>ejus</span> <span class='ocrx_word' id='word_1_135' title='bbox 256 2264 329 2327; x_wconf 86' lang='lat' dir='ltr'>quae</span> <span class='ocrx_word' id='word_1_136' title='bbox 346 2250 396 2308; x_wconf 80' lang='lat' dir='ltr'>est</span> <span class='ocrx_word' id='word_1_137' title='bbox 413 2242 444 2307; x_wconf 94' lang='lat' dir='ltr'>in</span> <span class='ocrx_word' id='word_1_138' title='bbox 462 2240 567 2306; x_wconf 92' lang='lat' dir='ltr'>Deum</span> <span class='ocrx_word' id='word_1_139' title='bbox 582 2243 843 2330; x_wconf 84' lang='lat' dir='ltr'>regenerationis,</span> <span class='ocrx_word' id='word_1_140' title='bbox 861 2251 895 2310; x_wconf 89' lang='lat' dir='ltr'>et</span> <span class='ocrx_word' id='word_1_141' title='bbox 911 2246 1065 2310; x_wconf 74' lang='lat' dir='ltr'>universas</span> <span class='ocrx_word' id='word_1_142' title='bbox 1082 2246 1157 2311; x_wconf 86' lang='lat' dir='ltr'>fidei</span> <span class='ocrx_word' id='word_1_143' title='bbox 1180 2246 1322 2312; x_wconf 88' lang='lat' dir='ltr'>destrue-</span> 
     </span>
     <span class='ocr_line' id='line_1_19' title="bbox 169 2339 1324 2435; baseline 0.004 -29"><span class='ocrx_word' id='word_1_144' title='bbox 169 2342 300 2419; x_wconf 90' lang='lat' dir='ltr'>tionem,</span> <span class='ocrx_word' id='word_1_145' title='bbox 318 2342 464 2408; x_wconf 71' lang='lat' dir='ltr'>&#39;remissa</span> <span class='ocrx_word' id='word_1_146' title='bbox 493 2339 533 2432; x_wconf 84' lang='lat' dir='ltr'>[l.</span> <span class='ocrx_word' id='word_1_147' title='bbox 544 2342 797 2417; x_wconf 89' lang='lat' dir='ltr'>destitutionem,</span> <span class='ocrx_word' id='word_1_148' title='bbox 822 2340 997 2435; x_wconf 87' lang='lat' dir='ltr'>submissa]</span> <span class='ocrx_word' id='word_1_149' title='bbox 1017 2353 1067 2412; x_wconf 86' lang='lat' dir='ltr'>est</span> <span class='ocrx_word' id='word_1_150' title='bbox 1082 2344 1203 2431; x_wconf 88' lang='lat' dir='ltr'>species</span> <span class='ocrx_word' id='word_1_151' title='bbox 1218 2344 1287 2411; x_wconf 87' lang='lat' dir='ltr'>haee</span> <span class='ocrx_word' id='word_1_152' title='bbox 1303 2369 1324 2411; x_wconf 89' lang='lat' dir='ltr'>a</span> 
     </span>
     <span class='ocr_line' id='line_1_20' title="bbox 170 2442 1322 2528; baseline 0.005 -24"><span class='ocrx_word' id='word_1_153' title='bbox 170 2442 302 2517; x_wconf 88' lang='lat' dir='ltr'>Satana,</span> <span class='ocrx_word' id='word_1_154' title='bbox 324 2451 493 2528; x_wconf 82' lang='lat' dir='ltr'>arguentes</span> <span class='ocrx_word' id='word_1_155' title='bbox 520 2464 574 2507; x_wconf 89' lang='lat' dir='ltr'>eos</span> <span class='ocrx_word' id='word_1_156' title='bbox 598 2442 771 2506; x_wconf 84' lang='lat' dir='ltr'>referemus</span> <span class='ocrx_word' id='word_1_157' title='bbox 796 2443 913 2528; x_wconf 83' lang='lat' dir='ltr'>aptiori</span> <span class='ocrx_word' id='word_1_158' title='bbox 938 2443 1017 2509; x_wconf 89' lang='lat' dir='ltr'>loeo.</span> <span class='ocrx_word' id='word_1_159' title='bbox 1066 2443 1188 2510; x_wconf 87' lang='lat' dir='ltr'>Dicunt</span> <span class='ocrx_word' id='word_1_160' title='bbox 1212 2452 1322 2510; x_wconf 90' lang='lat' dir='ltr'>autem</span> 
     </span>
     <span class='ocr_line' id='line_1_21' title="bbox 170 2539 1322 2629; baseline 0.003 -24"><span class='ocrx_word' id='word_1_161' title='bbox 170 2563 241 2606; x_wconf 86' lang='lat' dir='ltr'>eam</span> <span class='ocrx_word' id='word_1_162' title='bbox 253 2542 463 2607; x_wconf 88' lang='lat' dir='ltr'>necessariam</span> <span class='ocrx_word' id='word_1_163' title='bbox 481 2563 549 2607; x_wconf 87' lang='lat' dir='ltr'>esse</span> <span class='ocrx_word' id='word_1_164' title='bbox 568 2541 606 2606; x_wconf 91' lang='lat' dir='ltr'>iis</span> <span class='ocrx_word' id='word_1_165' title='bbox 626 2539 680 2627; x_wconf 91' lang='lat' dir='ltr'>qui</span> <span class='ocrx_word' id='word_1_166' title='bbox 700 2542 877 2627; x_wconf 83' lang='lat' dir='ltr'>perlectam</span> <span class='ocrx_word' id='word_1_167' title='bbox 896 2543 1093 2629; x_wconf 82' lang='lat' dir='ltr'>agnitionem</span> <span class='ocrx_word' id='word_1_168' title='bbox 1118 2552 1322 2629; x_wconf 88' lang='lat' dir='ltr'>acceperunt,</span> 
     </span>
    </p>
   </div>
   <div class='ocr_carea' id='block_1_7' title="bbox 164 2754 1323 4529">
    <p class='ocr_par' dir='ltr' id='par_1_7' title="bbox 164 2754 1323 4529">
     <span class='ocr_line' id='line_1_22' title="bbox 218 2754 1321 2821; baseline 0.003 -16"><span class='ocrx_word' id='word_1_169' title='bbox 218 2756 372 2805; x_wconf 77' lang='lat' dir='ltr'>11sansus</span> <span class='ocrx_word' id='word_1_170' title='bbox 389 2754 514 2821; x_wconf 85' lang='lat' dir='ltr'>evidently</span> <span class='ocrx_word' id='word_1_171' title='bbox 528 2756 602 2805; x_wconf 82' lang='lat' dir='ltr'>knew</span> <span class='ocrx_word' id='word_1_172' title='bbox 620 2772 654 2804; x_wconf 91' lang='lat' dir='ltr'>no</span> <span class='ocrx_word' id='word_1_173' title='bbox 673 2755 721 2805; x_wconf 89' lang='lat' dir='ltr'>dis·</span> <span class='ocrx_word' id='word_1_174' title='bbox 769 2756 809 2805; x_wconf 79' lang='lat' dir='ltr'>sal</span> <span class='ocrx_word' id='word_1_175' title='bbox 832 2756 943 2817; x_wconf 72' lang='grc' dir='ltr'>μετέχειν</span> <span class='ocrx_word' id='word_1_176' title='bbox 965 2758 1009 2817; x_wconf 79' lang='grc' dir='ltr'>τῆι</span> <span class='ocrx_word' id='word_1_177' title='bbox 1039 2757 1178 2817; x_wconf 69' lang='grc' dir='ltr'>άνεννοητου</span> <span class='ocrx_word' id='word_1_178' title='bbox 1204 2758 1321 2818; x_wconf 74' lang='grc' dir='ltr'>ἐξουσίαι·</span> 
     </span>
     <span class='ocr_line' id='line_1_23' title="bbox 169 2836 1322 2902; baseline 0.002 -15"><span class='ocrx_word' id='word_1_179' title='bbox 169 2838 274 2888; x_wconf 87' lang='lat' dir='ltr'>tinction</span> <span class='ocrx_word' id='word_1_180' title='bbox 285 2838 396 2887; x_wconf 83' lang='lat' dir='ltr'>between</span> <span class='ocrx_word' id='word_1_181' title='bbox 407 2836 539 2901; x_wconf 83' lang='lat' dir='ltr'>haptismal</span> <span class='ocrx_word' id='word_1_182' title='bbox 550 2836 720 2900; x_wconf 82' lang='lat' dir='ltr'>regeneration</span> <span class='ocrx_word' id='word_1_183' title='bbox 768 2838 801 2889; x_wconf 80' lang='grc' dir='ltr'>οῖς</span> <span class='ocrx_word' id='word_1_184' title='bbox 818 2839 858 2887; x_wconf 71' lang='grc' dir='ltr'>καὶ</span> <span class='ocrx_word' id='word_1_185' title='bbox 874 2839 938 2897; x_wconf 80' lang='grc' dir='ltr'>μετὰ</span> <span class='ocrx_word' id='word_1_186' title='bbox 954 2839 982 2887; x_wconf 77' lang='grc' dir='ltr'>τὸ</span> <span class='ocrx_word' id='word_1_187' title='bbox 998 2839 1129 2902; x_wconf 74' lang='grc' dir='ltr'>ῥάπισμα</span> <span class='ocrx_word' id='word_1_188' title='bbox 1145 2840 1226 2902; x_wconf 65' lang='grc' dir='ltr'>ἕτερον</span> <span class='ocrx_word' id='word_1_189' title='bbox 1241 2841 1322 2902; x_wconf 86' lang='grc' dir='ltr'>άταγ·</span> 
     </span>
     <span class='ocr_line' id='line_1_24' title="bbox 168 2918 1323 2983; baseline 0.002 -14"><span class='ocrx_word' id='word_1_190' title='bbox 168 2920 219 2969; x_wconf 82' lang='lat' dir='ltr'>¹nnd</span> <span class='ocrx_word' id='word_1_191' title='bbox 229 2920 272 2969; x_wconf 87' lang='lat' dir='ltr'>the</span> <span class='ocrx_word' id='word_1_192' title='bbox 282 2921 448 2981; x_wconf 80' lang='grc' dir='ltr'>άτολύτρωσιτ</span> <span class='ocrx_word' id='word_1_193' title='bbox 458 2918 502 2966; x_wconf 73' lang='grc' dir='ltr'>τοῦ</span> <span class='ocrx_word' id='word_1_194' title='bbox 516 2918 623 2980; x_wconf 84' lang='grc' dir='ltr'>Χριστοῦ</span> <span class='ocrx_word' id='word_1_195' title='bbox 634 2920 720 2966; x_wconf 85' lang='grc' dir='ltr'>ιιστελ-</span> <span class='ocrx_word' id='word_1_196' title='bbox 767 2920 907 2981; x_wconf 74' lang='grc' dir='ltr'>γάλλοντιιι,</span> <span class='ocrx_word' id='word_1_197' title='bbox 926 2920 940 2969; x_wconf 87' lang='grc' dir='ltr'>ά</span> <span class='ocrx_word' id='word_1_198' title='bbox 955 2923 1070 2970; x_wconf 76' lang='grc' dir='ltr'>καλοῦσα</span> <span class='ocrx_word' id='word_1_199' title='bbox 1090 2921 1266 2983; x_wconf 77' lang='grc' dir='ltr'>ἀπολύτρωσιν,</span> <span class='ocrx_word' id='word_1_200' title='bbox 1282 2922 1323 2971; x_wconf 68' lang='grc' dir='ltr'>καὶ</span> 
     </span>
     <span class='ocr_line' id='line_1_25' title="bbox 169 2999 1322 3063; baseline 0.002 -12"><span class='ocrx_word' id='word_1_201' title='bbox 169 3004 259 3052; x_wconf 73' lang='lat' dir='ltr'>oinos.</span> <span class='ocrx_word' id='word_1_202' title='bbox 304 3002 357 3051; x_wconf 83' lang='lat' dir='ltr'>The</span> <span class='ocrx_word' id='word_1_203' title='bbox 374 3016 458 3051; x_wconf 81' lang='lat' dir='ltr'>severe</span> <span class='ocrx_word' id='word_1_204' title='bbox 480 3000 543 3049; x_wconf 88' lang='lat' dir='ltr'>vievv</span> <span class='ocrx_word' id='word_1_205' title='bbox 558 2999 587 3047; x_wconf 82' lang='lat' dir='ltr'>of</span> <span class='ocrx_word' id='word_1_206' title='bbox 602 2999 646 3049; x_wconf 90' lang='lat' dir='ltr'>the</span> <span class='ocrx_word' id='word_1_207' title='bbox 663 2999 721 3047; x_wconf 83' lang='lat' dir='ltr'>irre-</span> <span class='ocrx_word' id='word_1_208' title='bbox 768 3002 879 3061; x_wconf 74' lang='grc' dir='ltr'>άντοντιρ</span> <span class='ocrx_word' id='word_1_209' title='bbox 887 3002 1322 3063; x_wconf 74' lang='grc' dir='ltr'>άνιιστράφοντετιιακῶττοὺιαυτοΐι</span> 
     </span>
     <span class='ocr_line' id='line_1_26' title="bbox 168 3079 1322 3147; baseline -0.001 -15"><span class='ocrx_word' id='word_1_210' title='bbox 168 3083 309 3147; x_wconf 85' lang='lat' dir='ltr'>missibility</span> <span class='ocrx_word' id='word_1_211' title='bbox 325 3082 353 3130; x_wconf 82' lang='lat' dir='ltr'>of</span> <span class='ocrx_word' id='word_1_212' title='bbox 366 3082 404 3131; x_wconf 89' lang='lat' dir='ltr'>sin</span> <span class='ocrx_word' id='word_1_213' title='bbox 420 3080 564 3130; x_wconf 83' lang='lat' dir='ltr'>committed</span> <span class='ocrx_word' id='word_1_214' title='bbox 580 3080 644 3127; x_wconf 71' lang='lat' dir='ltr'>seer</span> <span class='ocrx_word' id='word_1_215' title='bbox 661 3079 720 3143; x_wconf 84' lang='lat' dir='ltr'>bap·</span> <span class='ocrx_word' id='word_1_216' title='bbox 768 3081 947 3143; x_wconf 76' lang='grc' dir='ltr'>τσριιμένοντσς</span> <span class='ocrx_word' id='word_1_217' title='bbox 965 3080 1001 3130; x_wconf 76' lang='grc' dir='ltr'>ἐπ’</span> <span class='ocrx_word' id='word_1_218' title='bbox 1021 3082 1101 3130; x_wconf 72' lang='grc' dir='ltr'>ἐλπίδι</span> <span class='ocrx_word' id='word_1_219' title='bbox 1117 3084 1161 3142; x_wconf 77' lang='grc' dir='ltr'>τῆς</span> <span class='ocrx_word' id='word_1_220' title='bbox 1183 3084 1322 3145; x_wconf 75' lang='grc' dir='ltr'>ἀπολυτρώ-</span> 
     </span>
     <span class='ocr_line' id='line_1_27' title="bbox 168 3160 1322 3228; baseline -0.002 -14"><span class='ocrx_word' id='word_1_221' title='bbox 168 3166 234 3225; x_wconf 77' lang='lat' dir='ltr'>tim,</span> <span class='ocrx_word' id='word_1_222' title='bbox 258 3164 339 3213; x_wconf 79' lang='lat' dir='ltr'>which</span> <span class='ocrx_word' id='word_1_223' title='bbox 364 3180 412 3211; x_wconf 84' lang='lat' dir='ltr'>was</span> <span class='ocrx_word' id='word_1_224' title='bbox 440 3162 530 3211; x_wconf 85' lang='lat' dir='ltr'>caused</span> <span class='ocrx_word' id='word_1_225' title='bbox 558 3161 592 3225; x_wconf 93' lang='lat' dir='ltr'>by</span> <span class='ocrx_word' id='word_1_226' title='bbox 616 3160 721 3209; x_wconf 87' lang='lat' dir='ltr'>Gnostio</span> <span class='ocrx_word' id='word_1_227' title='bbox 768 3179 835 3221; x_wconf 81' lang='grc' dir='ltr'>σεωι,</span> <span class='ocrx_word' id='word_1_228' title='bbox 851 3163 989 3221; x_wconf 78' lang='grc' dir='ltr'>διναμένουι</span> <span class='ocrx_word' id='word_1_229' title='bbox 1001 3161 1011 3226; x_wconf 98' lang='grc'>[</span> <span class='ocrx_word' id='word_1_230' title='bbox 1013 3162 1038 3225; x_wconf 87' lang='lat' dir='ltr'>s.</span> <span class='ocrx_word' id='word_1_231' title='bbox 1049 3163 1066 3213; x_wconf 88' lang='lat' dir='ltr'>l.</span> <span class='ocrx_word' id='word_1_232' title='bbox 1080 3163 1208 3228; x_wconf 73' lang='grc' dir='ltr'>οάομὲνουι]</span> <span class='ocrx_word' id='word_1_233' title='bbox 1219 3165 1283 3223; x_wconf 81' lang='grc' dir='ltr'>μετά</span> <span class='ocrx_word' id='word_1_234' title='bbox 1292 3165 1322 3213; x_wconf 78' lang='grc' dir='ltr'>τά</span> 
     </span>
     <span class='ocr_line' id='line_1_28' title="bbox 166 3241 1319 3311; baseline 0 -16"><span class='ocrx_word' id='word_1_235' title='bbox 166 3246 309 3311; x_wconf 81' lang='lat' dir='ltr'>profligaoy,</span> <span class='ocrx_word' id='word_1_236' title='bbox 328 3261 378 3295; x_wconf 82' lang='lat' dir='ltr'>vus</span> <span class='ocrx_word' id='word_1_237' title='bbox 395 3244 447 3293; x_wconf 82' lang='lat' dir='ltr'>also</span> <span class='ocrx_word' id='word_1_238' title='bbox 464 3260 479 3291; x_wconf 89' lang='lat' dir='ltr'>a</span> <span class='ocrx_word' id='word_1_239' title='bbox 495 3241 640 3307; x_wconf 85' lang='lat' dir='ltr'>divergenoe</span> <span class='ocrx_word' id='word_1_240' title='bbox 656 3241 720 3290; x_wconf 83' lang='lat' dir='ltr'>from</span> <span class='ocrx_word' id='word_1_241' title='bbox 767 3242 835 3302; x_wconf 73' lang='grc' dir='ltr'>άταξ</span> <span class='ocrx_word' id='word_1_242' title='bbox 842 3243 1022 3305; x_wconf 62' lang='lat' dir='ltr'>pervaderes</span> <span class='ocrx_word' id='word_1_243' title='bbox 1030 3244 1105 3292; x_wconf 79' lang='grc' dir='ltr'>πάλιν</span> <span class='ocrx_word' id='word_1_244' title='bbox 1113 3246 1194 3305; x_wconf 77' lang='grc' dir='ltr'>τυχεῖν</span> <span class='ocrx_word' id='word_1_245' title='bbox 1203 3246 1319 3306; x_wconf 57' lang='lat' dir='ltr'>wotos.</span> 
     </span>
     <span class='ocr_line' id='line_1_29' title="bbox 167 3323 1322 3388; baseline -0.001 -12"><span class='ocrx_word' id='word_1_246' title='bbox 167 3328 279 3377; x_wconf 82' lang='lat' dir='ltr'>Catholic</span> <span class='ocrx_word' id='word_1_247' title='bbox 294 3328 381 3388; x_wconf 88' lang='lat' dir='ltr'>truth;</span> <span class='ocrx_word' id='word_1_248' title='bbox 398 3327 441 3375; x_wconf 88' lang='lat' dir='ltr'>the</span> <span class='ocrx_word' id='word_1_249' title='bbox 456 3324 619 3374; x_wconf 83' lang='lat' dir='ltr'>Novatienist</span> <span class='ocrx_word' id='word_1_250' title='bbox 629 3323 719 3372; x_wconf 90' lang='lat' dir='ltr'>schism</span> <span class='ocrx_word' id='word_1_251' title='bbox 768 3328 842 3375; x_wconf 74' lang='grc' dir='ltr'>ιι.τ.λ</span> <span class='ocrx_word' id='word_1_252' title='bbox 860 3325 940 3374; x_wconf 73' lang='lat' dir='ltr'>Hm.</span> <span class='ocrx_word' id='word_1_253' title='bbox 955 3324 1025 3375; x_wconf 80' lang='lat' dir='ltr'>Phil.</span> <span class='ocrx_word' id='word_1_254' title='bbox 1042 3336 1080 3375; x_wconf 84' lang='lat' dir='ltr'>v1.</span> <span class='ocrx_word' id='word_1_255' title='bbox 1098 3340 1138 3386; x_wconf 82' lang='lat'>41.</span> <span class='ocrx_word' id='word_1_256' title='bbox 1172 3325 1322 3375; x_wconf 81' lang='lat' dir='ltr'>Lihethose</span> 
     </span>
     <span class='ocr_line' id='line_1_30' title="bbox 166 3404 1321 3471; baseline -0.003 -11"><span class='ocrx_word' id='word_1_257' title='bbox 166 3424 217 3459; x_wconf 77' lang='lat' dir='ltr'>was</span> <span class='ocrx_word' id='word_1_258' title='bbox 232 3411 276 3459; x_wconf 88' lang='lat' dir='ltr'>the</span> <span class='ocrx_word' id='word_1_259' title='bbox 292 3408 437 3458; x_wconf 82' lang='lat' dir='ltr'>correlative</span> <span class='ocrx_word' id='word_1_260' title='bbox 459 3406 488 3455; x_wconf 82' lang='lat' dir='ltr'>ol</span> <span class='ocrx_word' id='word_1_261' title='bbox 507 3406 611 3454; x_wconf 88' lang='lat' dir='ltr'>Gnostic</span> <span class='ocrx_word' id='word_1_262' title='bbox 632 3404 715 3453; x_wconf 88' lang='lat' dir='ltr'>immo·</span> <span class='ocrx_word' id='word_1_263' title='bbox 767 3406 823 3453; x_wconf 84' lang='lat' dir='ltr'>who</span> <span class='ocrx_word' id='word_1_264' title='bbox 845 3405 871 3453; x_wconf 92' lang='lat' dir='ltr'>in</span> <span class='ocrx_word' id='word_1_265' title='bbox 887 3405 991 3454; x_wconf 89' lang='lat' dir='ltr'>modern</span> <span class='ocrx_word' id='word_1_266' title='bbox 1008 3406 1081 3454; x_wconf 63' lang='lat' dir='ltr'>timu</span> <span class='ocrx_word' id='word_1_267' title='bbox 1102 3406 1168 3471; x_wconf 86' lang='lat' dir='ltr'>deny</span> <span class='ocrx_word' id='word_1_268' title='bbox 1186 3407 1321 3471; x_wconf 75' lang='lat' dir='ltr'>baptimnl</span> 
     </span>
     <span class='ocr_line' id='line_1_31' title="bbox 165 3483 1321 3555; baseline -0.003 -16"><span class='ocrx_word' id='word_1_269' title='bbox 165 3490 247 3555; x_wconf 74' lang='lat' dir='ltr'>rality.</span> <span class='ocrx_word' id='word_1_270' title='bbox 283 3490 453 3538; x_wconf 77' lang='lat' dir='ltr'>Hrvvonrrus</span> <span class='ocrx_word' id='word_1_271' title='bbox 470 3488 515 3536; x_wconf 83' lang='lat' dir='ltr'>has</span> <span class='ocrx_word' id='word_1_272' title='bbox 531 3486 593 3535; x_wconf 84' lang='lat' dir='ltr'>been</span> <span class='ocrx_word' id='word_1_273' title='bbox 613 3483 718 3534; x_wconf 74' lang='lat' dir='ltr'>wcused</span> <span class='ocrx_word' id='word_1_274' title='bbox 767 3486 946 3550; x_wconf 83' lang='lat' dir='ltr'>regeneration,</span> <span class='ocrx_word' id='word_1_275' title='bbox 960 3487 1004 3535; x_wconf 85' lang='lat' dir='ltr'>the</span> <span class='ocrx_word' id='word_1_276' title='bbox 1018 3486 1175 3535; x_wconf 80' lang='lat' dir='ltr'>Mareosians</span> <span class='ocrx_word' id='word_1_277' title='bbox 1188 3487 1267 3535; x_wconf 78' lang='lat' dir='ltr'>ealled</span> <span class='ocrx_word' id='word_1_278' title='bbox 1277 3488 1321 3537; x_wconf 83' lang='lat' dir='ltr'>the</span> 
     </span>
     <span class='ocr_line' id='line_1_32' title="bbox 165 3565 1321 3634; baseline -0.007 -14"><span class='ocrx_word' id='word_1_279' title='bbox 165 3573 195 3621; x_wconf 84' lang='lat' dir='ltr'>uf</span> <span class='ocrx_word' id='word_1_280' title='bbox 207 3572 302 3634; x_wconf 82' lang='lat' dir='ltr'>having</span> <span class='ocrx_word' id='word_1_281' title='bbox 320 3572 407 3620; x_wconf 81' lang='lat' dir='ltr'>struck</span> <span class='ocrx_word' id='word_1_282' title='bbox 423 3571 467 3618; x_wconf 90' lang='lat' dir='ltr'>the</span> <span class='ocrx_word' id='word_1_283' title='bbox 483 3569 538 3618; x_wconf 84' lang='lat' dir='ltr'>first</span> <span class='ocrx_word' id='word_1_284' title='bbox 553 3572 612 3616; x_wconf 83' lang='lat' dir='ltr'>note</span> <span class='ocrx_word' id='word_1_285' title='bbox 629 3566 658 3615; x_wconf 82' lang='lat' dir='ltr'>cf</span> <span class='ocrx_word' id='word_1_286' title='bbox 671 3565 719 3615; x_wconf 86' lang='lat' dir='ltr'>dis·</span> <span class='ocrx_word' id='word_1_287' title='bbox 766 3574 907 3618; x_wconf 69' lang='lat' dir='ltr'>sacrament</span> <span class='ocrx_word' id='word_1_288' title='bbox 919 3570 1028 3632; x_wconf 72' lang='grc' dir='ltr'>ψυχικόν,</span> <span class='ocrx_word' id='word_1_289' title='bbox 1047 3568 1098 3618; x_wconf 76' lang='lat' dir='ltr'>md</span> <span class='ocrx_word' id='word_1_290' title='bbox 1113 3569 1179 3618; x_wconf 80' lang='lat' dir='ltr'>their</span> <span class='ocrx_word' id='word_1_291' title='bbox 1193 3569 1321 3634; x_wconf 73' lang='lat' dir='ltr'>post-bap-</span> 
     </span>
     <span class='ocr_line' id='line_1_33' title="bbox 166 3650 1226 3715; baseline -0.003 -13"><span class='ocrx_word' id='word_1_292' title='bbox 166 3652 233 3714; x_wconf 91' lang='lat' dir='ltr'>cord‚</span> <span class='ocrx_word' id='word_1_293' title='bbox 248 3654 323 3715; x_wconf 76' lang='lat' dir='ltr'>being</span> <span class='ocrx_word' id='word_1_294' title='bbox 335 3652 435 3701; x_wconf 88' lang='lat' dir='ltr'>hurried</span> <span class='ocrx_word' id='word_1_295' title='bbox 450 3667 522 3715; x_wconf 83' lang='lat' dir='ltr'>away</span> <span class='ocrx_word' id='word_1_296' title='bbox 532 3651 566 3715; x_wconf 91' lang='lat' dir='ltr'>by</span> <span class='ocrx_word' id='word_1_297' title='bbox 577 3650 616 3699; x_wconf 86' lang='lat' dir='ltr'>his</span> <span class='ocrx_word' id='word_1_298' title='bbox 631 3650 719 3697; x_wconf 88' lang='lat' dir='ltr'>horror</span> <span class='ocrx_word' id='word_1_299' title='bbox 767 3650 853 3701; x_wconf 82' lang='lat' dir='ltr'>tismal</span> <span class='ocrx_word' id='word_1_300' title='bbox 870 3651 1042 3715; x_wconf 83' lang='lat' dir='ltr'>regerreration</span> <span class='ocrx_word' id='word_1_301' title='bbox 1060 3651 1226 3710; x_wconf 77' lang='grc' dir='ltr'>πνευματικόν.</span> 
     </span>
     <span class='ocr_line' id='line_1_34' title="bbox 165 3730 1320 3783; baseline -0.002 -2"><span class='ocrx_word' id='word_1_302' title='bbox 165 3733 430 3783; x_wconf 74' lang='lat' dir='ltr'>ofhereticaldcorlu.</span> <span class='ocrx_word' id='word_1_303' title='bbox 465 3730 720 3781; x_wconf 79' lang='lat' dir='ltr'>Forwhatcouldbe</span> <span class='ocrx_word' id='word_1_304' title='bbox 815 3730 871 3781; x_wconf 77' lang='lat' dir='ltr'>²1t</span> <span class='ocrx_word' id='word_1_305' title='bbox 881 3749 959 3781; x_wconf 87' lang='lat' dir='ltr'>seems</span> <span class='ocrx_word' id='word_1_306' title='bbox 974 3732 1090 3782; x_wconf 81' lang='lat' dir='ltr'>doubtful</span> <span class='ocrx_word' id='word_1_307' title='bbox 1101 3733 1211 3782; x_wconf 88' lang='lat' dir='ltr'>whether</span> <span class='ocrx_word' id='word_1_308' title='bbox 1224 3731 1320 3782; x_wconf 67' lang='lat' dir='ltr'>dedita·</span> 
     </span>
     <span class='ocr_line' id='line_1_35' title="bbox 165 3811 1321 3877; baseline 0.002 -16"><span class='ocrx_word' id='word_1_309' title='bbox 165 3829 234 3862; x_wconf 87' lang='lat' dir='ltr'>more</span> <span class='ocrx_word' id='word_1_310' title='bbox 253 3813 387 3862; x_wconf 79' lang='lat' dir='ltr'>detestnble</span> <span class='ocrx_word' id='word_1_311' title='bbox 409 3814 470 3861; x_wconf 87' lang='lat' dir='ltr'>than</span> <span class='ocrx_word' id='word_1_312' title='bbox 494 3813 537 3861; x_wconf 89' lang='lat' dir='ltr'>the</span> <span class='ocrx_word' id='word_1_313' title='bbox 556 3812 677 3861; x_wconf 88' lang='lat' dir='ltr'>assertion</span> <span class='ocrx_word' id='word_1_314' title='bbox 693 3811 723 3859; x_wconf 88' lang='lat' dir='ltr'>ol</span> <span class='ocrx_word' id='word_1_315' title='bbox 765 3811 854 3862; x_wconf 75' lang='grc' dir='ltr'>ιίοιιειυ</span> <span class='ocrx_word' id='word_1_316' title='bbox 875 3813 896 3862; x_wconf 92' lang='lat' dir='ltr'>is</span> <span class='ocrx_word' id='word_1_317' title='bbox 924 3818 970 3863; x_wconf 90' lang='lat' dir='ltr'>not</span> <span class='ocrx_word' id='word_1_318' title='bbox 991 3815 1035 3863; x_wconf 88' lang='lat' dir='ltr'>the</span> <span class='ocrx_word' id='word_1_319' title='bbox 1056 3818 1113 3862; x_wconf 85' lang='lat' dir='ltr'>true</span> <span class='ocrx_word' id='word_1_320' title='bbox 1139 3814 1251 3877; x_wconf 77' lang='lat' dir='ltr'>reading,</span> <span class='ocrx_word' id='word_1_321' title='bbox 1281 3814 1321 3863; x_wconf 86' lang='lat' dir='ltr'>l&#39;or</span> 
     </span>
     <span class='ocr_line' id='line_1_36' title="bbox 166 3893 1320 3953; baseline -0.002 -10"><span class='ocrx_word' id='word_1_322' title='bbox 166 3894 252 3943; x_wconf 84' lang='lat' dir='ltr'>Snron</span> <span class='ocrx_word' id='word_1_323' title='bbox 269 3893 387 3943; x_wconf 82' lang='lat' dir='ltr'>Mseust</span> <span class='ocrx_word' id='word_1_324' title='bbox 403 3895 477 3953; x_wconf 73' lang='grc' dir='ltr'>μηδὲν</span> <span class='ocrx_word' id='word_1_325' title='bbox 494 3896 553 3941; x_wconf 73' lang='grc' dir='ltr'>εἴναι</span> <span class='ocrx_word' id='word_1_326' title='bbox 568 3895 643 3941; x_wconf 75' lang='grc' dir='ltr'>αιτιοι</span> <span class='ocrx_word' id='word_1_327' title='bbox 654 3893 720 3952; x_wconf 68' lang='grc' dir='ltr'>δίκης</span> <span class='ocrx_word' id='word_1_328' title='bbox 767 3894 896 3943; x_wconf 70' lang='lat' dir='ltr'>Bassum</span> <span class='ocrx_word' id='word_1_329' title='bbox 919 3893 971 3943; x_wconf 81' lang='lat' dir='ltr'>aad</span> <span class='ocrx_word' id='word_1_330' title='bbox 993 3894 1170 3943; x_wconf 77' lang='lat' dir='ltr'>Gsmsnnms</span> <span class='ocrx_word' id='word_1_331' title='bbox 1191 3894 1263 3953; x_wconf 73' lang='lat' dir='ltr'>heve,</span> <span class='ocrx_word' id='word_1_332' title='bbox 1287 3909 1320 3941; x_wconf 86' lang='lat' dir='ltr'>on</span> 
     </span>
     <span class='ocr_line' id='line_1_37' title="bbox 166 3974 1320 4038; baseline -0.003 -13"><span class='ocrx_word' id='word_1_333' title='bbox 166 3978 187 4025; x_wconf 77' lang='grc' dir='ltr'>εἰ</span> <span class='ocrx_word' id='word_1_334' title='bbox 206 3977 290 4038; x_wconf 80' lang='grc' dir='ltr'>πράξει</span> <span class='ocrx_word' id='word_1_335' title='bbox 312 3992 348 4025; x_wconf 81' lang='grc' dir='ltr'>τις</span> <span class='ocrx_word' id='word_1_336' title='bbox 365 3977 449 4035; x_wconf 85' lang='grc' dir='ltr'>ιιιιιιιῖιτ,</span> <span class='ocrx_word' id='word_1_337' title='bbox 470 3977 497 4023; x_wconf 83' lang='grc' dir='ltr'>οὑ</span> <span class='ocrx_word' id='word_1_338' title='bbox 512 3976 561 4037; x_wconf 83' lang='grc' dir='ltr'>γάρ</span> <span class='ocrx_word' id='word_1_339' title='bbox 578 3976 631 4023; x_wconf 81' lang='grc' dir='ltr'>ἐστι</span> <span class='ocrx_word' id='word_1_340' title='bbox 648 3976 720 4035; x_wconf 80' lang='grc' dir='ltr'>φύσει</span> <span class='ocrx_word' id='word_1_341' title='bbox 767 3975 826 4023; x_wconf 77' lang='lat' dir='ltr'>MS.</span> <span class='ocrx_word' id='word_1_342' title='bbox 846 3974 982 4038; x_wconf 76' lang='lat' dir='ltr'>authority,</span> <span class='ocrx_word' id='word_1_343' title='bbox 1002 3974 1187 4030; x_wconf 63' lang='lat' dir='ltr'>reddidiomm</span> <span class='ocrx_word' id='word_1_344' title='bbox 1208 3989 1237 4022; x_wconf 89' lang='lat' dir='ltr'>or</span> <span class='ocrx_word' id='word_1_345' title='bbox 1255 3974 1320 4022; x_wconf 75' lang='grc' dir='ltr'>άτάν</span> 
     </span>
     <span class='ocr_line' id='line_1_38' title="bbox 164 4054 1321 4119; baseline -0.004 -11"><span class='ocrx_word' id='word_1_346' title='bbox 164 4060 243 4119; x_wconf 84' lang='grc' dir='ltr'>ιιιιιιὸτ,</span> <span class='ocrx_word' id='word_1_347' title='bbox 264 4058 329 4107; x_wconf 76' lang='grc' dir='ltr'>ἀλλὰ</span> <span class='ocrx_word' id='word_1_348' title='bbox 346 4058 418 4106; x_wconf 75' lang='grc' dir='ltr'>θέσει.</span> <span class='ocrx_word' id='word_1_349' title='bbox 460 4056 571 4105; x_wconf 74' lang='lat' dir='ltr'>Emer..</span> <span class='ocrx_word' id='word_1_350' title='bbox 596 4055 663 4105; x_wconf 83' lang='lat' dir='ltr'>Phil.</span> <span class='ocrx_word' id='word_1_351' title='bbox 680 4067 718 4105; x_wconf 75' lang='lat' dir='ltr'>vn</span> <span class='ocrx_word' id='word_1_352' title='bbox 766 4059 835 4104; x_wconf 86' lang='grc' dir='ltr'>λειαν</span> <span class='ocrx_word' id='word_1_353' title='bbox 851 4056 958 4119; x_wconf 82' lang='lat' dir='ltr'>perhaps</span> <span class='ocrx_word' id='word_1_354' title='bbox 978 4070 1037 4119; x_wconf 83' lang='lat' dir='ltr'>may</span> <span class='ocrx_word' id='word_1_355' title='bbox 1053 4055 1084 4103; x_wconf 91' lang='lat' dir='ltr'>be</span> <span class='ocrx_word' id='word_1_356' title='bbox 1098 4054 1223 4102; x_wconf 81' lang='lat' dir='ltr'>indicated</span> <span class='ocrx_word' id='word_1_357' title='bbox 1236 4054 1263 4101; x_wconf 90' lang='lat' dir='ltr'>in</span> <span class='ocrx_word' id='word_1_358' title='bbox 1277 4054 1321 4103; x_wconf 84' lang='lat' dir='ltr'>the</span> 
     </span>
     <span class='ocr_line' id='line_1_39' title="bbox 167 4134 1321 4205; baseline -0.006 -15"><span class='ocrx_word' id='word_1_359' title='bbox 167 4155 205 4205; x_wconf 84' lang='lat'>¹9·</span> <span class='ocrx_word' id='word_1_360' title='bbox 247 4139 283 4189; x_wconf 90' lang='lat' dir='ltr'>Or</span> <span class='ocrx_word' id='word_1_361' title='bbox 304 4139 333 4187; x_wconf 79' lang='lat' dir='ltr'>of</span> <span class='ocrx_word' id='word_1_362' title='bbox 351 4139 394 4187; x_wconf 93' lang='lat' dir='ltr'>the</span> <span class='ocrx_word' id='word_1_363' title='bbox 417 4136 624 4201; x_wconf 75' lang='lat' dir='ltr'>carpocratianst</span> <span class='ocrx_word' id='word_1_364' title='bbox 661 4136 720 4185; x_wconf 83' lang='lat' dir='ltr'>Sola</span> <span class='ocrx_word' id='word_1_365' title='bbox 767 4136 858 4187; x_wconf 84' lang='lat' dir='ltr'>Greek.</span> <span class='ocrx_word' id='word_1_366' title='bbox 892 4136 945 4185; x_wconf 83' lang='lat' dir='ltr'>The</span> <span class='ocrx_word' id='word_1_367' title='bbox 964 4140 1025 4185; x_wconf 83' lang='lat' dir='ltr'>next</span> <span class='ocrx_word' id='word_1_368' title='bbox 1041 4135 1118 4196; x_wconf 79' lang='lat' dir='ltr'>word,</span> <span class='ocrx_word' id='word_1_369' title='bbox 1135 4134 1243 4195; x_wconf 68' lang='lat' dir='ltr'>mariue,</span> <span class='ocrx_word' id='word_1_370' title='bbox 1260 4150 1321 4199; x_wconf 78' lang='lat' dir='ltr'>may</span> 
     </span>
     <span class='ocr_line' id='line_1_40' title="bbox 164 4216 1319 4282; baseline -0.005 -11"><span class='ocrx_word' id='word_1_371' title='bbox 164 4222 231 4271; x_wconf 86' lang='lat' dir='ltr'>enim</span> <span class='ocrx_word' id='word_1_372' title='bbox 245 4222 356 4269; x_wconf 83' lang='lat' dir='ltr'>humana</span> <span class='ocrx_word' id='word_1_373' title='bbox 373 4219 489 4282; x_wconf 85' lang='lat' dir='ltr'>opinione</span> <span class='ocrx_word' id='word_1_374' title='bbox 502 4216 603 4280; x_wconf 80' lang='lat' dir='ltr'>negotia</span> <span class='ocrx_word' id='word_1_375' title='bbox 614 4216 680 4265; x_wconf 88' lang='lat' dir='ltr'>bona</span> <span class='ocrx_word' id='word_1_376' title='bbox 695 4222 721 4265; x_wconf 84' lang='lat' dir='ltr'>et</span> <span class='ocrx_word' id='word_1_377' title='bbox 765 4219 831 4268; x_wconf 81' lang='lat' dir='ltr'>have</span> <span class='ocrx_word' id='word_1_378' title='bbox 845 4220 909 4267; x_wconf 86' lang='lat' dir='ltr'>been</span> <span class='ocrx_word' id='word_1_379' title='bbox 922 4216 1057 4274; x_wconf 70' lang='lat' dir='ltr'>cadmiam</span> <span class='ocrx_word' id='word_1_380' title='bbox 1074 4217 1222 4279; x_wconf 73' lang='grc' dir='ltr'>ὑποβάλλειν</span> <span class='ocrx_word' id='word_1_381' title='bbox 1236 4216 1319 4279; x_wconf 80' lang='lat' dir='ltr'>being,</span> 
     </span>
     <span class='ocr_line' id='line_1_41' title="bbox 164 4296 1321 4360; baseline -0.005 -8"><span class='ocrx_word' id='word_1_382' title='bbox 164 4303 231 4353; x_wconf 83' lang='lat' dir='ltr'>mala</span> <span class='ocrx_word' id='word_1_383' title='bbox 253 4302 349 4349; x_wconf 84' lang='lat' dir='ltr'>dicunt.</span> <span class='ocrx_word' id='word_1_384' title='bbox 383 4298 461 4347; x_wconf 68' lang='lat' dir='ltr'>Inna.</span> <span class='ocrx_word' id='word_1_385' title='bbox 480 4310 499 4347; x_wconf 86' lang='lat'>1.</span> <span class='ocrx_word' id='word_1_386' title='bbox 518 4296 586 4345; x_wconf 81' lang='lat' dir='ltr'>xxiv.</span> <span class='ocrx_word' id='word_1_387' title='bbox 621 4296 717 4359; x_wconf 84' lang='lat' dir='ltr'>Hence,</span> <span class='ocrx_word' id='word_1_388' title='bbox 766 4305 789 4349; x_wconf 85' lang='grc' dir='ltr'>ιο</span> <span class='ocrx_word' id='word_1_389' title='bbox 809 4299 941 4360; x_wconf 73' lang='lat' dir='ltr'>introduce,</span> <span class='ocrx_word' id='word_1_390' title='bbox 957 4298 984 4346; x_wconf 85' lang='lat' dir='ltr'>in</span> <span class='ocrx_word' id='word_1_391' title='bbox 1000 4314 1016 4347; x_wconf 86' lang='lat' dir='ltr'>a</span> <span class='ocrx_word' id='word_1_392' title='bbox 1031 4298 1082 4347; x_wconf 84' lang='lat' dir='ltr'>had</span> <span class='ocrx_word' id='word_1_393' title='bbox 1098 4313 1186 4358; x_wconf 58' lang='lat' dir='ltr'>sensu</span> <span class='ocrx_word' id='word_1_394' title='bbox 1203 4297 1252 4346; x_wconf 80' lang='lat' dir='ltr'>and</span> <span class='ocrx_word' id='word_1_395' title='bbox 1268 4296 1321 4347; x_wconf 71' lang='lat' dir='ltr'>aab</span> 
     </span>
     <span class='ocr_line' id='line_1_42' title="bbox 165 4376 1100 4449; baseline -0.007 -15"><span class='ocrx_word' id='word_1_396' title='bbox 165 4384 197 4433; x_wconf 88' lang='lat' dir='ltr'>he</span> <span class='ocrx_word' id='word_1_397' title='bbox 208 4400 281 4449; x_wconf 84' lang='lat' dir='ltr'>says:</span> <span class='ocrx_word' id='word_1_398' title='bbox 300 4383 409 4432; x_wconf 78' lang='grc' dir='ltr'>εὐκόλους</span> <span class='ocrx_word' id='word_1_399' title='bbox 425 4382 470 4443; x_wconf 75' lang='grc' dir='ltr'>μὲν</span> <span class='ocrx_word' id='word_1_400' title='bbox 484 4381 543 4428; x_wconf 82' lang='grc' dir='ltr'>εἶναι</span> <span class='ocrx_word' id='word_1_401' title='bbox 558 4378 652 4439; x_wconf 79' lang='grc' dir='ltr'>διδάξας</span> <span class='ocrx_word' id='word_1_402' title='bbox 671 4376 718 4442; x_wconf 89' lang='lat' dir='ltr'>(sc.</span> <span class='ocrx_word' id='word_1_403' title='bbox 766 4382 942 4432; x_wconf 73' lang='lat' dir='ltr'>miumisths</span> <span class='ocrx_word' id='word_1_404' title='bbox 953 4398 1039 4441; x_wconf 62' lang='grc' dir='ltr'>κτοις</span> <span class='ocrx_word' id='word_1_405' title='bbox 1055 4396 1100 4443; x_wconf 68' lang='grc' dir='ltr'>ορ.</span> 
     </span>
     <span class='ocr_line' id='line_1_43' title="bbox 166 4459 1257 4529; baseline -0.006 -13"><span class='ocrx_word' id='word_1_406' title='bbox 166 4464 315 4529; x_wconf 66' lang='lat' dir='ltr'>idumea)</span> <span class='ocrx_word' id='word_1_407' title='bbox 339 4464 396 4527; x_wconf 73' lang='grc' dir='ltr'>πρὸς</span> <span class='ocrx_word' id='word_1_408' title='bbox 412 4464 441 4512; x_wconf 81' lang='grc' dir='ltr'>τὸ</span> <span class='ocrx_word' id='word_1_409' title='bbox 459 4460 609 4523; x_wconf 73' lang='grc' dir='ltr'>ἁμαρτάνειν,</span> <span class='ocrx_word' id='word_1_410' title='bbox 630 4461 720 4509; x_wconf 67' lang='lat' dir='ltr'>drudel-</span> <span class='ocrx_word' id='word_1_411' title='bbox 830 4463 1006 4512; x_wconf 86' lang='lat' dir='ltr'>Monstrumve</span> <span class='ocrx_word' id='word_1_412' title='bbox 1016 4462 1159 4511; x_wconf 79' lang='lat' dir='ltr'>summisere</span> <span class='ocrx_word' id='word_1_413' title='bbox 1170 4459 1257 4509; x_wconf 84' lang='lat' dir='ltr'>Colchi</span> 
     </span>
    </p>
   </div>
   <div class='ocr_carea' id='block_1_8' title="bbox 165 4538 1188 4611">
    <p class='ocr_par' dir='ltr' id='par_1_8' title="bbox 165 4538 1188 4611">
     <span class='ocr_line' id='line_1_44' title="bbox 165 4538 1188 4611; baseline -0.011 -13"><span class='ocrx_word' id='word_1_414' title='bbox 165 4566 216 4599; x_wconf 83' lang='grc' dir='ltr'>νουτ</span> <span class='ocrx_word' id='word_1_415' title='bbox 227 4551 260 4611; x_wconf 79' lang='grc' dir='ltr'>δὲ,</span> <span class='ocrx_word' id='word_1_416' title='bbox 275 4550 314 4597; x_wconf 76' lang='grc' dir='ltr'>διά</span> <span class='ocrx_word' id='word_1_417' title='bbox 325 4548 354 4597; x_wconf 79' lang='grc' dir='ltr'>τά</span> <span class='ocrx_word' id='word_1_418' title='bbox 366 4546 424 4596; x_wconf 72' lang='grc' dir='ltr'>εἴναι</span> <span class='ocrx_word' id='word_1_419' title='bbox 435 4546 478 4605; x_wconf 61' lang='grc' dir='ltr'>τῆς</span> <span class='ocrx_word' id='word_1_420' title='bbox 493 4543 587 4592; x_wconf 73' lang='grc' dir='ltr'>τελείας</span> <span class='ocrx_word' id='word_1_421' title='bbox 603 4542 720 4601; x_wconf 74' lang='grc' dir='ltr'>δυνάμεως</span> <span class='ocrx_word' id='word_1_422' title='bbox 832 4538 1034 4602; x_wconf 61' lang='grc' dir='ltr'>Μαι-ΗΘΒ.</span> <span class='ocrx_word' id='word_1_423' title='bbox 1054 4538 1101 4589; x_wconf 77' lang='lat' dir='ltr'>od.</span> <span class='ocrx_word' id='word_1_424' title='bbox 1114 4550 1151 4587; x_wconf 78' lang='lat' dir='ltr'>w.</span> <span class='ocrx_word' id='word_1_425' title='bbox 1164 4552 1188 4599; x_wconf 86' lang='grc'>4.</span> 
     </span>
    </p>
   </div>
   <div class='ocr_carea' id='block_1_9' title="bbox 0 0 1618 5184">
    <p class='ocr_par' dir='ltr' id='par_1_9' title="bbox 0 0 1618 5184">
     <span class='ocr_line' id='line_1_45' title="bbox 0 0 1618 5184; baseline 0 2"><span class='ocrx_word' id='word_1_426' title='bbox 0 0 1618 5184; x_wconf 95' lang='lat' dir='ltr'> </span> 
     </span>
    </p>
   </div>
  </div>
 </body>
</html>
