3225 5184
359 424 546 477 manuale
573 422 626 475 EX
653 422 760 484 Aous
787 420 1041 475 cosnoeonts.
1222 405 1287 468 289

132 588 313 658 maverunt;
341 592 374 649 et
395 605 451 670 pro
473 582 617 649 secundis
641 582 710 659 diis,
737 603 816 659 eam,
845 604 916 666 quae
942 590 992 646 est
1015 588 1106 645 extra
1132 578 1287 656 Pleroma,
1301 594 1452 681 tmepore

133 686 243 750 rustris
264 686 402 771 ipsorum
423 694 568 750 enarrant
590 684 835 770 dispositionem,
851 685 1021 748 secundam
1044 682 1215 767 Ogdoaden
1236 702 1288 745 vo-
1312 667 1471 773 ffigslfff

134 797 243 853 cantes
274 810 366 864 eam;
398 812 438 854 ex
468 810 530 873 qua
566 788 672 851 mundi
707 786 952 864 fabricationem,
981 796 1015 851 et
1051 785 1289 871 plasmationem
1342 782 1411 819 ’Μ

1304 861 1453 874 ..---

132 892 293 955 hominum
316 893 459 958 similiter
478 899 573 976 atque
593 891 644 955 ille
669 890 886 967 lannunciant,
901 889 1120 953 inenarrabilia
1134 897 1167 952 et
1181 888 1290 973 incog-

133 995 200 1060 nita
214 997 362 1081 mysteria
376 995 459 1061 solos
477 1016 512 1059 se
529 994 670 1059 dicentes
690 993 789 1057 scire:
814 1014 884 1077 quae
906 993 1021 1079 ubique
1040 992 1073 1055 in
1095 990 1228 1057 theatris
1249 990 1291 1054 ab

133 1098 303 1182 hypocritis
322 1096 580 1183 splendidissimis
594 1095 721 1160 vocibus
744 1094 999 1171 comoedisautur,
1014 1094 1238 1158 transferentes
1256 1089 1291 1155 iu

133 1222 224 1264 suum
240 1210 468 1287 argumentum,
484 1199 547 1264 imo
565 1220 637 1265 vero
651 1198 769 1263 eisdem
783 1197 976 1283 argumentis
993 1197 1150 1274 docentes,
1166 1202 1289 1260 tantum

110 1333 115 1345 ·
133 1304 337 1369 immutantes
352 1302 489 1369 nomina.

201 1408 230 1469 2.
276 1405 321 1469 Et
343 1426 405 1469 non
426 1404 526 1469 solum
547 1426 616 1488 quae
634 1403 716 1487 apud
735 1401 881 1467 (lomicos
900 1400 1003 1487 posita
1023 1408 1098 1466 suut
1115 1409 1290 1487 arguuntur

135 1507 223 1592 quasi
238 1506 362 1593 propria
375 1507 587 1593 proferentem
611 1506 667 1570 sed
686 1506 782 1569 etiam
797 1526 868 1589 quae
882 1504 967 1588 apud
980 1524 1099 1581 omnes,
1115 1503 1168 1588 qui
1184 1504 1290 1568 Deum

134 1610 291 1698 ignorant,
306 1616 339 1675 et
359 1609 411 1695 qui
430 1609 577 1675 dicuntur
591 1607 785 1694 Philosophi,
805 1615 880 1673 sunt
898 1606 992 1683 dicta,
1010 1606 1079 1670 haec
1098 1611 1291 1692 congregant

136 1720 168 1776 et
188 1711 276 1797 quasi
290 1720 455 1777 centonem
469 1733 510 1776 ex
524 1709 630 1775 multis
644 1717 677 1774 et
691 1708 835 1795 pessimis
854 1708 1027 1794 panniculis
1049 1707 1289 1787 consarcientes,

136 1816 281 1881 ²finctum
291 1813 489 1899 superlicium
501 1811 605 1877 subtili
615 1810 737 1897 eloquio
748 1810 886 1896 sibiipsis
896 1817 1162 1896 praeparaverunt:
1178 1831 1290 1874 novam

136 1918 261 2005 quidem
279 1917 512 1982 introducentes
528 1914 713 1993 doctrinam,
729 1923 893 2000 propterea
912 1914 995 1998 quod
1016 1934 1099 1978 nuuc
1120 1934 1202 1978 nova
1220 1920 1292 1979 arte

136 2020 308 2085 substituta
328 2018 387 2085 sit:
412 2027 548 2084 veterem
569 2024 675 2085 autem
694 2024 727 2081 et
748 2015 901 2092 inutilem,
925 2015 1073 2099 quoniam
1097 2016 1223 2101 quidem
1250 2015 1295 2082 de

136 2121 292 2187 veteribus
315 2120 514 2207 dogmatibus
539 2118 747 2205 ignorantiam
776 2127 810 2182 et
836 2117 1098 2204 irreligiositatem
1124 2118 1290 2197 olentibus,

136 2227 205 2291 haec
219 2225 329 2291 eadem
343 2225 584 2289 ³subsutasunt.
623 2222 756 2287 ‘Thales
771 2222 897 2306 quidem
915 2222 1060 2288 Milesius
1079 2224 1293 2289 universorum

136 2328 367 2415 generationem
382 2335 416 2392 et
429 2326 552 2391 initium
567 2348 681 2411 aquam
695 2324 776 2389 dixit
789 2346 869 2389 esse.
903 2325 991 2389 ldem
1006 2335 1112 2392 autem
1127 2334 1176 2393 est
1190 2327 1293 2392 dicere

137 2438 269 2517 ⁵aquam
292 2438 325 2495 et
348 2430 497 2516 Bythum.
536 2428 714 2493 ⁶Homerus
734 2434 841 2493 autem
864 2434 958 2513 poeta
980 2428 1142 2494 Oceanum
1164 2430 1292 2495 deorum

188 2664 365 2715 ¹amranciont.
391 2664 686 2715 (loddtlnaaoravoss.
741 2664 894 2724 ἀσχοληθεὶς,
902 2664 1103 2723 Ἕλλησιταύτητ
1114 2666 1157 2724 τῆς
1167 2666 1294 2724 μαθήσεως

137 2746 187 2795 and
199 2748 287 2796 Maso.
301 2759 331 2795 11.
344 2747 408 2795 have
418 2745 600 2795 annunciantes.
742 2747 815 2794 clrior
837 2746 931 2807 πρῶτος
951 2745 1071 2807 γίγνεταν
1089 2783 1095 2795 .
1110 2780 1116 2793 .
1131 2782 1137 2794 .
1151 2748 1246 2806 ἐγένετο
1268 2749 1295 2796 δὲ

185 2826 198 2859 ⁸
208 2827 310 2890 finctum
322 2826 483 2891 superstitum.
518 2826 619 2875 Editora
632 2826 689 2890 give
742 2828 804 2876 rard
822 2828 933 2889 Κροῖσον.
968 2826 1216 2877 Hmon.Ph.1.1.
1251 2826 1294 2876 He

137 2917 164 2959 to
181 2910 337 2973 superficiem
358 2909 401 2958 the
423 2924 494 2958 aenae
514 2909 543 2957 ol
562 2924 595 2957 an
612 2922 691 2972 upper
741 2909 840 2958 derived
852 2910 926 2957 much
938 2910 966 2958 ol
979 2910 1017 2959 bia
1031 2915 1125 2974 system
1141 2910 1206 2958 from
1216 2910 1294 2975 Assy-

136 2996 259 3057 germont,
272 3007 305 3040 ou
316 2991 359 3040 the
373 2992 488 3056 strength
499 2991 528 3039 ol
541 2992 584 3041 the
599 2989 688 3039 doubt·
741 2990 785 3040 ria.
809 2991 923 3040 Gnona's
932 2992 999 3042 Hira.
1008 2992 1038 3055 of
1044 2992 1132 3052 Graece,
1145 2991 1292 3058 Pt.11.c.19.

136 3075 174 3123 t’ul
184 3091 230 3123 use
240 3075 269 3123 of
281 3072 416 3136 srvpafia'u
429 3073 454 3121 in
466 3078 516 3122 two
531 3088 647 3137 passages
664 3072 693 3120 ol
741 3073 819 3123 Osiris
830 3075 857 3122 in
872 3074 914 3122 the
931 3074 1058 3139 Egyptian
1075 3081 1168 3139 system
1185 3093 1235 3127 was
1251 3078 1295 3127 tha

137 3156 332 3205 Tannumart's
349 3156 450 3205 trcatise
467 3156 497 3205 da
516 3156 588 3206 mma
605 3154 690 3203 Bomi-
741 3173 850 3221 aqueoua
876 3158 1011 3221 principle:
1040 3159 1082 3206 τὸν
1109 3161 1159 3221 γὰρ
1181 3158 1295 3209 Ὠκεανὸν

137 3253 234 3298 mmai,
251 3252 288 3297 rr,
305 3252 342 3300 13.
377 3236 436 3287 Itis
447 3238 564 3303 probable
575 3238 631 3286 that
647 3237 690 3285 the
736 3240 831 3301 Ὀσιριν
840 3241 905 3299 εἶναι,
913 3241 958 3298 τὴν
966 3241 992 3288 δὲ
1003 3241 1081 3300 Τηθὺν
1087 3241 1155 3290 Ἶσιν,
1175 3241 1253 3290 Paua.
1264 3240 1295 3291 dc

138 3318 272 3369 translator
287 3319 346 3369 read
363 3320 482 3379 ἐπιτολὴν
494 3318 591 3368 instead
606 3319 635 3367 of
647 3318 690 3367 the
742 3321 776 3370 Ie.
787 3329 808 3369 rt
821 3321 860 3371 Or,
874 3336 913 3383 34,
929 3322 968 3370 for
982 3321 1063 3370 which
1078 3339 1165 3371 raason
1182 3322 1294 3372 Hellani-

139 3401 249 3449 autbor'a
269 3402 337 3451 word
360 3402 483 3465 ἐπιβολὴν,
504 3402 554 3450 and
571 3402 626 3449 that
648 3402 691 3449 the
742 3419 786 3451 cus
797 3404 890 3467 spelled
902 3404 944 3452 the
954 3405 1131 3468 name‘Tcrprr.
1149 3404 1212 3455 ibid.
1241 3406 1296 3456 Tha

139 3483 215 3531 Latin
227 3483 295 3532 word
308 3500 359 3532 was
376 3483 463 3532 ooined
476 3498 524 3546 pro
535 3498 561 3531 rc
571 3489 638 3543 nata,
651 3499 691 3531 see
742 3485 792 3549 god
803 3484 892 3532 Helice
908 3485 960 3533 also
977 3501 1028 3533 was
1044 3488 1202 3550 represented
1212 3477 1258 3537 aot
1268 3489 1295 3538 iu

139 3570 232 3625 noter,
245 3582 270 3629 p.
283 3584 307 3626 4.
333 3566 444 3614 πλαστὸν
455 3566 572 3629 ἐπιβολὴν
581 3580 640 3629 may
651 3580 691 3613 er·
743 3565 1059 3630 achariotbutinaship.

139 3646 385 3712 presstheoriginal.
791 3646 915 3706 “Thalea
940 3648 1054 3712 perhaps,
1078 3650 1129 3697 still
1155 3650 1212 3699 held
1239 3652 1297 3701 that

188 3728 316 3779 ’emeca
346 3729 479 3791 ι’ννερῥαφη,
494 3744 522 3777 aa
539 3728 564 3776 in
582 3727 690 3777 Euam-
743 3730 812 3778 there
824 3745 874 3778 was
885 3746 901 3777 a
913 3729 1032 3793 Suprcme
1044 3731 1118 3779 Mind
1130 3733 1185 3781 who
1196 3734 1297 3783 created

140 3822 196 3871 aas,
212 3813 235 3860 rt
247 3812 340 3874 δράσων
355 3812 424 3860 τόνδε
437 3812 596 3873 trepidarem
607 3810 689 3872 loyor.
744 3812 777 3859 all
787 3812 872 3875 things
882 3812 946 3860 from
954 3829 969 3861 a
977 3814 1031 3861 first
1042 3830 1152 3878 aquccus
1160 3816 1279 3881 principle
1288 3835 1296 3879 ;

139 3893 253 3955 Alas37.
271 3893 322 3942 For
330 3892 445 3941 olentibus
452 3893 550 3941 theAss.
556 3892 614 3941 MS.
620 3892 692 3941 reads
744 3896 771 3939 at
777 3890 840 3939 least
851 3891 948 3940 0108120
957 3908 1022 3957 says,
1030 3894 1129 3957 Aquom
1139 3894 1203 3943 dict
1211 3896 1298 3945 thala

139 3973 290 4035 immites,
304 3975 386 4024 which
402 3975 502 4024 became
516 3972 651 4023 namatus
665 3972 692 4021 in
743 3988 789 4021 eree
808 3970 909 4020 isaiam
930 3989 1020 4032 τατατι,
1045 3975 1125 4023 Deam
1147 3983 1227 4025 amera
1243 3994 1297 4026 eom

140 4057 219 4106 Voss.
232 4057 281 4105 aad
294 4058 382 4106 Maso.
395 4068 425 4105 11.
744 4061 850 4114 mem,
867 4058 1241 4121 comasqamcacaafiaqem.
1267 4060 1298 4110 dc

188 4136 312 4187 ‘mazca
347 4139 454 4199 Λέγεται
464 4136 691 4195 θαλῆντὸνΜιλή-
745 4136 778 4185 N.
791 4135 863 4186 Deor.
880 4149 898 4184 1.
914 4150 951 4196 ιο,
970 4138 1091 4202 although
1107 4141 1190 4189 others
1206 4142 1298 4207 charge

140 4238 191 4270 τιον
209 4222 251 4270 ἕνα
265 4222 314 4269 τῶν
325 4221 389 4269 ἑπτὰ
406 4222 488 4281 σοφῶν
502 4220 598 4281 πρῶτον
614 4219 692 4266 traxe·
745 4218 797 4266 him
808 4218 870 4266 with
881 4218 993 4268 atheism.
1027 4220 1081 4269 'l'he
1091 4222 1176 4270 reader
1186 4223 1208 4271 ia
1224 4225 1297 4273 reler-

140 4303 275 4365 χειρηκέναι
298 4302 445 4365 φιλοσοφίαν
463 4302 574 4363 φυσικήν.
616 4296 694 4349 Οὗτος
746 4298 787 4347 red
801 4304 829 4348 to
844 4299 970 4347 Amator.
983 4299 1042 4349 Mer.
1056 4311 1075 4350 1.
1090 4316 1112 4362 3,
1126 4302 1180 4351 010.
1194 4302 1295 4354 deDir.

140 4386 189 4446 ἔφη
201 4385 278 4447 ἀρχὴν
288 4386 332 4433 τοῦ
343 4384 432 4433 πάντας
449 4384 508 4432 εἶναι
523 4384 564 4432 καὶ
579 4383 649 4433 τέλος
664 4382 694 4431 τό
745 4394 806 4441 nro,
822 4380 1148 4433 PaurmoadsPae.Pttt.
1161 4396 1213 4446 111„
1229 4385 1297 4435 Iano·

141 4467 220 4530 ὕδωρ.
235 4505 241 4517 .
256 4505 261 4516 .
276 4506 282 4518 .
296 4470 358 4517 Θεὸν
374 4468 487 4517 δὲταῦτα
504 4467 570 4526 εἶναι,
589 4467 619 4514 τὸ
635 4463 692 4526 μήτ’
745 4476 821 4513 ΜΤ.
834 4463 865 4512 dr
875 4463 940 4513 Pala.
946 4462 998 4513 Ret.
1011 4476 1041 4524 1.,
1054 4463 1154 4515 Lanita.
1160 4478 1179 4517 1.
1191 4482 1296 4530 24—27.

141 4550 219 4612 ἀρχὴν
235 4552 297 4610 μήτε
314 4550 430 4609 τελευτὴν
446 4548 509 4609 ἔχον.
545 4543 622 4598 Οὗτος
640 4548 693 4611 περΙ
793 4544 949 4595 ‘Hmnenra
982 4548 1008 4595 ἐκ
1020 4548 1135 4596 πλειόνων
1147 4550 1173 4598 δέ
1184 4552 1224 4599 sal
1235 4552 1298 4614 apto·

140 4632 182 4680 τὸν
198 4634 247 4681 τῶν
265 4634 359 4694 ἄστρων
375 4630 506 4693 λόγονκαὶ
527 4630 572 4688 τὴν
595 4630 693 4689 ζήτησιν
745 4627 828 4687 μηνῶν
848 4628 911 4676 δυοῖν
920 4628 971 4686 μὲν,
991 4628 1076 4688 γῆςτε
1094 4631 1135 4678 rat
1153 4631 1245 4695 ὕδατος,
1266 4636 1299 4682 τὰ
