3225 5184
292 361 341 435 56
679 380 1058 433 vncnnrrnranoamr

134 571 273 656 ιὸιιιρρ.ιι..ιιρ
293 540 368 616 θέας
403 537 590 635 ἀπέχεσθαι
624 540 721 616 ε’νῖους
753 541 868 611 αὐτῶν.
914 541 963 611 Οἵ
989 537 1101 610 δὲκαὶ
1127 550 1201 616 ταῖς
1231 548 1289 623 τῆς
1323 539 1446 638 σαρκὸς

130 645 277 704 '‘W-'td'
292 650 418 734 ἡδοναῖς
433 653 623 749 κατακόρως
640 649 846 727 δουλεύοντες
864 649 909 723 τῶ
933 650 1074 751 σαρκικὰ
1101 663 1173 728 τοῖς
1198 663 1374 751 σαρκικοῖς,
1390 653 1444 724 καῖ

291 761 336 836 τὰ
354 761 554 847 πνευματικὰ
571 774 644 840 τοῖς
663 774 891 846 πνευματικοῖς
907 762 1129 836 ἀποδίδοσθαι
1141 766 1292 856 λέγουσι.
1322 765 1393 835 Kal
1414 769 1447 836 οῖ

290 875 350 959 μὲν
375 877 481 947 αιῖτῶν
508 872 620 974 λα’θρα
648 874 710 954 τὰς
738 873 971 960 διδασκομένας
1001 879 1053 947 ὑπ’
1083 878 1189 949 αδτῶν
1219 878 1279 959 την
1309 875 1445 974 διδαχὴν

290 990 414 1071 ταύτην
450 998 602 1078 γυναῖκας
633 985 891 1086 διαφθείρουσιν,
923 992 964 1067 ῶς
996 984 1166 1095 [πολλοὶ]
1197 986 1361 1066 πολλάκις
1390 989 1443 1061 ὑπ’

291 1100 378 1171 ε’νῖων
396 1101 501 1171 αὐτῶν
520 1099 790 1194 ἐξαπατηθεῖσαι,
810 1102 927 1172 ἔπειτα
946 1102 1205 1206 ε’πιστρέφασαι
1231 1112 1376 1194 γυναῖκες
1401 1105 1444 1179 εἷς

292 1213 353 1295 τὴν
388 1212 561 1295 ἐκκλησίαν
596 1218 658 1284 τοῦ
694 1213 789 1296 Θεοῦ,
825 1212 884 1282 σὺν
914 1216 958 1306 τῇ
986 1221 1094 1306 λοιπῇ
1120 1211 1228 1308 πλάνη
1254 1215 1308 1284 καῖ
1335 1220 1442 1287 τοῦτο

291 1321 606 1418 ἐξωμολογήσαντο·
627 1327 660 1396 οῖ
676 1323 783 1395 δὲκαὶ
802 1322 948 1396 κατὰτὸ
968 1324 1114 1424 φανερὸν
1131 1324 1441 1425 ἆπερυθριεῖσαντες,

292 1439 335 1508 ῶν
351 1434 392 1507 δν
408 1437 574 1535 ε’ρασθῶσι
601 1441 765 1530 γυναικῶν,
788 1438 913 1514 ταύτας
937 1437 994 1507 ἆτ’
1023 1437 1145 1537 ἆνδρῶν
1170 1436 1441 1523 ἀποσπάσαντες,

291 1547 372 1626 ἰδίας
398 1546 548 1641 γαμετὰς
572 1550 754 1640 ἡγήσαντο.
793 1546 927 1620 Ἀλλοι
957 1548 992 1621 δὲ
1019 1548 1059 1620 ari
1090 1548 1193 1621 πάλιν
1224 1557 1345 1635 σεμνῶς
1366 1555 1442 1624 κατ’

291 1658 406 1760 ιἰρχδς,
428 1664 468 1737 ῶς
490 1663 565 1744 μετ’
581 1659 737 1761 ἀδελφῶν
765 1663 1047 1759 προσποιούμενοι
1077 1674 1241 1746 συνοικεῖν,
1265 1666 1443 1762 προϊόντος

290 1779 352 1846 τοῦ
386 1775 510 1870 χρόνου
541 1774 763 1870 ἦλέγχθησαν,
797 1775 975 1865 ἐγκύμονος
1010 1782 1069 1857 τῆς
1107 1774 1253 1875 ἀδελφῆς
1287 1775 1352 1848 tat
1380 1783 1443 1850 τοῦ

1326 1889 1335 1915 l

291 1883 443 1984 ἆδελφοιῖ
468 1886 664 1976 γενηθείσης.
696 1886 766 1956 Kal
797 1885 888 1957 ἅλλα
917 1884 952 1956 δέ
983 1884 1100 1959 πολλῶ
1125 1890 1259 1986 μυσαρδ
1280 1921 1336 1960 και
1360 1889 1442 1962 ἄθεα

290 1993 512 2096 πράσσοντες,
531 2000 616 2079 ἡμῶν
632 1996 691 2081 μέν
710 1995 763 2068 διὰ
782 1995 844 2069 τδν
864 2000 980 2098 φόβον
995 2005 1057 2071 τοῦ
1073 2000 1161 2071 Θεοῶ
1178 2003 1442 2100 φυλασσομένων

290 2108 344 2179 καῖ
378 2109 495 2207 μέχρις
525 2109 646 2187 ε’ννοῖας
678 2109 730 2179 καῖ
760 2111 870 2201 λόγου
897 2114 1066 2209 ἁμαρτεῖν,
1094 2114 1369 2212 κατατρέχουσιν,
1401 2118 1441 2191 ῶς

291 2217 433 2304 ἰδιωτῶν,
476 2221 529 2290 καὶ
575 2219 672 2303 μηδέν
708 2223 943 2306 ἐπισταμένων·
981 2224 1113 2301 έαυτοδς
1148 2224 1183 2295 δέ
1220 2225 1439 2325 ὖπερυφοῶσι,
1453 2254 1482 2295 ιι.
1491 2257 1523 2296 ιι.

287 2463 508 2550 spectaculum.
542 2463 680 2540 Quidam
698 2471 806 2530 autem
823 2472 857 2529 et
873 2465 977 2529 carnis
986 2466 1201 2551 voluptatibus
1218 2466 1441 2532 insatiabiliter

286 2564 500 2636 inservientes.
535 2564 674 2629 carnalia
708 2565 895 2638 carnalibus,
929 2564 1086 2650 spiritalia
1118 2565 1312 2651 spiritalibus
1349 2567 1440 2631 reddi

288 2663 411 2730 dicunt.
463 2663 509 2730 Et
534 2664 663 2749 quidam
694 2665 821 2750 quidem
844 2686 883 2728 ex
908 2663 984 2749 ipsis
1011 2664 1092 2728 olam
1116 2687 1170 2729 eas
1192 2666 1348 2740 mulieres,
1368 2689 1439 2750 quae

288 2763 414 2828 discunt
438 2763 480 2828 ab
506 2765 552 2828 eis
579 2765 758 2828 doctrinam
791 2763 882 2842 hauc,
913 2774 1138 2849 corrumpunt:
1174 2765 1439 2849 quemadmodum

286 2863 397 2926 multae
413 2882 499 2945 saepe
519 2863 560 2927 ab
580 2862 617 2926 iis
638 2885 746 2937 suasae,
763 2872 836 2946 post
854 2884 1012 2927 conversae
1038 2865 1184 2928 mulieres
1206 2864 1248 2928 ad
1266 2864 1438 2928 Ecclesiam

288 2959 359 3037 Dei,
384 2982 456 3024 oum
481 2961 602 3046 reliquo
627 2983 735 3026 errore
760 2970 794 3026 et
820 2961 880 3025 boo
905 2962 1054 3027 confessae
1079 2972 1163 3027 sunt.
1215 2963 1280 3027 Alii
1303 2987 1377 3028 vero
1403 2974 1437 3027 et

286 3059 462 3135 manifeste,
492 3082 532 3124 ne
565 3062 693 3147 quidem
725 3063 956 3135 erubescentes,
984 3084 1186 3147 quascunque
1218 3063 1437 3128 adamaverint

285 3158 440 3235 mulieres,
469 3159 527 3224 bas
555 3159 757 3226 aviris'suis
785 3159 1017 3239 abstrahentes,
1043 3185 1116 3226 suas
1141 3170 1257 3247 nuptas
1283 3163 1435 3229 lecerunt.

286 3258 348 3323 Alii
374 3281 448 3323 vero
471 3259 562 3324 valde
587 3261 729 3324 modeste
757 3259 858 3338 initio,
880 3260 969 3345 quasi
994 3283 1067 3325 oum
1093 3262 1253 3326 sororibus
1280 3261 1436 3348 fingentes

284 3357 440 3434 habitare,
458 3360 651 3444 procedente
668 3367 812 3445 ternpore
828 3359 1023 3424 manifestati
1039 3369 1123 3435 sunt,
1141 3361 1274 3447 gravida
1292 3383 1400 3426 sorore
1415 3384 1436 3427 a

284 3456 385 3521 lratre
403 3457 498 3525 lacta.
546 3458 592 3523 Et
609 3459 671 3523 alia
688 3459 788 3524 multa
811 3459 921 3523 odiosa
945 3467 979 3524 et
1005 3459 1179 3546 irreligiosa
1199 3460 1360 3535 facientes,
1378 3483 1436 3526 uos

285 3555 421 3640 quidem,
439 3557 493 3641 qui
510 3558 727 3642 pertimerem
745 3558 806 3622 Dei
822 3558 970 3623 timemus
987 3558 1085 3623 etiam
1101 3583 1200 3645 usque
1222 3560 1255 3622 iu
1276 3561 1436 3626 mentibus

283 3653 457 3718 nostriset
482 3655 678 3720 sermonibus
703 3678 844 3741 peccare,
870 3671 1009 3744 arguunt
1036 3659 1125 3744 quasi
1146 3659 1272 3732 idiotas,
1299 3674 1333 3725 et
1357 3661 1435 3724 nihil

283 3752 436 3826 scientem
466 3755 652 3840 semetipsos
680 3757 848 3829 extollunt,
877 3758 1034 3842 perlectos
1063 3769 1221 3832 vocantes,
1250 3768 1284 3825 et
1315 3760 1436 3824 semina

282 3851 452 3917 electionis.
481 3853 547 3918 Nos
565 3854 649 3918 enim
666 3855 699 3918 in
715 3879 774 3921 usu
791 3856 929 3942 gratiam
946 3857 1088 3942 accipere
1105 3858 1225 3934 dicunt,
1240 3869 1436 3946 quapropter

279 4071 369 4122 should
384 4073 414 4121 be
431 4071 666 4122 raadbestrbrimm
681 4080 701 4121 et
715 4072 835 4135 gladiato
882 4073 909 4121 in
930 4073 1030 4136 ῖοτηωιε
1051 4079 1078 4123 to
1100 4076 1143 4124 the
1164 4077 1258 4140 people.
1303 4077 1434 4128 Massam

279 4170 343 4214 mna,
355 4155 472 4218 bringing
482 4155 524 4203 the
535 4153 682 4204 tranlation
693 4155 746 4202 into
757 4155 835 4203 closer
882 4155 968 4204 makes
989 4157 1032 4204 the
1057 4159 1215 4221 appropriata
1240 4159 1343 4209 citatior
1368 4159 1432 4207 from

280 4237 401 4300 harmony
422 4236 484 4286 with
511 4237 554 4285 the
580 4237 664 4285 Greek
690 4241 760 4296 δοκι,
786 4237 833 4285 but
882 4234 1031 4285 Summus
1047 4237 1075 4286 ia
1092 4237 1166 4289 Cara:
1183 4238 1277 4287 Batiao
1292 4254 1382 4301 ηιιοηιιε
1397 4239 1433 4287 ad

279 4331 432 4366 manuascae
451 4333 467 4366 a
485 4323 547 4366 term
566 4317 595 4365 οἰ
607 4317 650 4365 the
668 4333 749 4376 arena,
771 4333 832 4381 very
880 4330 969 4366 ιαιιιιιιι
983 4319 1070 4382 populi
1085 4327 1237 4382 comparatas
1251 4319 1432 4368 trucidaverant

278 4397 364 4461 nearly
378 4398 519 4460 equivalent
534 4403 561 4447 to
578 4397 622 4446 the
638 4397 744 4460 Spaniah
762 4397 829 4445 Fan·
878 4433 901 4449 ..
913 4435 919 4447 .
929 4399 1432 4466 commemoraremus

278 4477 459 4540 camdem,
474 4480 591 4540 dcc.)aud
605 4483 690 4527 meant
707 4478 828 4528 theexhi·
875 4479 1058 4546 emmam,
1092 4485 1163 4536 ledor
1189 4487 1262 4537 etiam
1287 4485 1431 4550 micantia

278 4557 357 4606 bition
374 4558 404 4607 ot
419 4574 468 4622 any
485 4560 569 4623 public
587 4559 707 4626 spectacla
724 4560 828 4624 granted
877 4564 935 4613 urbe
944 4572 999 4618 toto.
