3225 5184
341 343 409 409 222
781 358 1053 414 nsnnnnrorm.

175 534 328 621 mall-¹³³³·
342 530 449 609 τικῶν,
464 520 483 609 ἢ
496 524 706 610 Φημιονιτῶν
717 526 924 607 καλουμένων
942 523 1142 614 ἕβλόστησε
1157 530 1274 609 μῦσος.
1315 526 1508 599 Ὺπέθειτο
1522 553 1597 598 o-rs

175 628 327 760 ‘iiiffiii
343 634 412 737 γὰρ
438 636 553 707 Airita
580 634 656 709 τινὰ
680 638 871 735 ἀνώλεθρον
895 639 929 707 ἕν
950 640 1139 738 παρθενικῷ
1155 635 1309 731 όιόγοντι
1329 641 1509 724 πνεόμοτι,

209 732 239 760 Π
263 748 269 761 ι
290 750 295 761 0

176 753 360 821 ---ό
381 749 580 848 Βαρβηλὼθ
600 748 801 851 ὀνομάζουσι
816 803 846 820 ..
863 748 956 833 ,Τὴν
976 748 1011 820 di
1031 750 1230 849 Βορβηλιλθ
1257 746 1299 857 [ί.
1318 746 1507 855 Ἔννοιαν]

340 864 477 946 αι’τιῖσοι
500 862 706 962 Πρόγνωσιν
725 864 807 961 παρ’
824 864 936 934 αὑτοῦ.
979 861 1221 962 Προελθοόσης
1238 862 1274 934 di
1292 866 1421 948 ταύτης,
1440 862 1505 936 εἶτ’

340 973 430 1052 αὖθις
447 972 640 1059 cirne-done,
662 978 889 1073 προελήλυθεν
903 974 1119 1074 Ἀφθορσῖο,
1140 978 1258 1048 ἔπειτα
1270 976 1396 1048 Αἶοννίο
1413 976 1502 1059 Zeti.

339 1086 605 1187 Εὖφρανθεῖσον
627 1085 663 1158 di
688 1088 748 1172 τὴν
772 1086 970 1187 Βαρβηλιλθ
985 1140 994 1157 .
1007 1140 1016 1159 .
1031 1141 1039 1157 .
1056 1090 1220 1180 ἐγκύμονα
1247 1090 1411 1180 γενέσθαι,
1440 1089 1500 1158 καὶ

339 1202 517 1272 ἀποτεκεῖν
553 1201 597 1273 τό
637 1200 721 1277 Φῶς.
816 1198 936 1273 Τοῦτό
970 1206 1069 1299 φασι,
1111 1208 1160 1295 τῇ
1193 1206 1256 1273 τοῦ
1296 1200 1497 1281 Πνεόμοτος

339 1310 498 1411 ιχρισθέν
514 1312 704 1396 τελειότητι
720 1364 751 1383 ..
767 1363 775 1381 .
791 1314 1013 1397 ὀνομασθῆναι
1034 1311 1201 1411 Χριστόν,
1229 1313 1324 1389 οὗτος
1346 1312 1449 1383 πόλιν
1475 1314 1496 1381 ὁ

338 1424 498 1524 Χριστός
514 1426 717 1516 ἐπήγγειλεν
733 1425 828 1495 Νοῦν
843 1478 873 1497 ..
889 1425 964 1497 .κοῖ
983 1427 1108 1514 ἔλαβεν
1131 1420 1185 1531 [s
1202 1432 1223 1497 l.
1244 1416 1497 1527 προεβάλετο].

339 1538 382 1607 Ὁ
408 1537 442 1609 di
468 1537 597 1637 Πατὴρ
624 1538 846 1637 προστέθεικε
873 1538 928 1609 καὶ
957 1535 1094 1630 Λόγον.
1149 1536 1242 1609 Εἶτα
1269 1536 1498 1638 συνεζύγησαν

330 1649 474 1724 ”Ervom
504 1650 558 1722 rol
592 1647 723 1743 Λόγος,
749 1650 957 1750 Ἀφθορσία
983 1650 1038 1721 καὶ
1071 1651 1237 1750 Χριστός,
1263 1650 1337 1733 Zoni
1367 1648 1499 1720 Αίιονῖα

337 1762 391 1836 καὶ
415 1762 458 1836 τό
485 1763 635 1848 Θὲλημο,
661 1764 680 1834 ὁ
704 1762 796 1841 Νοῦς
821 1762 915 1845 tciri
938 1759 1369 1864 Πρόγνωσις...Ἐπειτο
1392 1762 1499 1832 πόλιν

337 1932 445 2021 ’fungi
462 1933 659 2001 manifestati
677 1940 763 2013 sunt,
786 1956 923 2021 quorum
938 1934 1127 2021 principales
1144 1933 1231 2020 apud
1247 1956 1302 1999 eos
1318 1933 1498 1999 sententias

338 2055 533 2100 enarramus.
586 2034 727 2111 Quidam
748 2035 834 2100 enim
860 2056 970 2099 eorum
988 2035 1129 2099 AEonem
1153 2034 1312 2121 quendam
1331 2055 1497 2118 nunquam

338 2140 557 2198 senescentem
576 2133 610 2197 in
632 2134 777 2221 virginali
800 2134 917 2220 spiritu
937 2133 1121 2220 subjiciunt,
1140 2156 1235 2220 quem
1258 2132 1419 2198 Barbelcn
1437 2154 1495 2196 no·

337 2232 472 2297 minant.
524 2232 593 2298 Ubi
626 2256 694 2298 esse
730 2240 857 2320 patrem
888 2234 1047 2320 quendam
1078 2232 1336 2299 innominabilem
1366 2232 1492 2297 dicunt:

337 2332 472 2397 voluisse
491 2340 600 2398 autem
623 2331 707 2398 hunc
732 2333 939 2400 manifestare
961 2356 995 2399 se
1020 2332 1080 2420 ipsi
1099 2331 1280 2399 Barbeloni.
1332 2331 1495 2397 Ennoeam

337 2438 448 2497 autem
462 2432 545 2499 hanc
562 2454 764 2519 progressam
781 2433 909 2498 stetisse
925 2432 960 2497 in
980 2440 1152 2519 conspectu
1169 2432 1247 2518 ejus,
1265 2439 1299 2499 et
1316 2432 1494 2517 postulasse

337 2530 526 2619 Prognosin.
580 2532 662 2597 Cum
691 2532 861 2617 prodiisset
887 2540 995 2598 autem
1021 2540 1055 2598 et
1082 2532 1265 2619 Prognosis,
1290 2532 1341 2596 his
1366 2553 1492 2595 rursum

336 2631 522 2718 petentibus
541 2632 663 2718 prodiit
685 2632 927 2719 Incorruptela:
964 2640 1038 2719 post
1056 2633 1171 2697 deinde
1187 2631 1266 2697 Vita
1285 2638 1425 2696 aeterna:
1458 2630 1493 2695 in

337 2732 451 2817 quibus
462 2731 655 2818 gloriantem
666 2731 838 2808 Barbelon‚
849 2738 883 2797 et
899 2732 1145 2819 prospicientem
1162 2732 1195 2796 in
1211 2730 1492 2818 ³magnitudiucm,

336 2838 370 2895 et
398 2840 555 2919 conceptu
579 2832 782 2908 delectatam,
813 2833 846 2896 in
872 2832 954 2897 hano
979 2854 1148 2919 generasse
1177 2831 1279 2895 simile
1313 2830 1343 2895 ei
1374 2830 1491 2895 lumen.

337 2930 434 2995 Hane
451 2932 577 2997 initium
596 2939 630 2996 et
654 2931 880 3009 luminationis,
905 2938 940 2996 et
956 2931 1171 3018 generationis
1193 2931 1335 2996 omnium
1358 2930 1490 2995 dicunt:

335 3036 370 3095 et
387 3030 548 3095 videntem
571 3030 705 3096 Patrem
730 3030 838 3096 lumen
858 3032 929 3109 hoc,
951 3031 1079 3096 unxisse
1101 3031 1178 3095 illud
1199 3053 1257 3095 sua
1281 3029 1491 3116 benignitate,
1505 3043 1586 3089 flun-

335 3137 373 3194 ut
391 3130 569 3214 perlectum
591 3130 693 3196 fieret.
747 3131 845 3195 Hunc
870 3140 980 3197 antem
1000 3131 1112 3196 dicunt
1136 3153 1204 3195 esee
1221 3130 1404 3195 Christum:
1438 3130 1492 3215 qui

334 3251 444 3295 rursus
454 3230 605 3315 postulat,
620 3230 889 3316 quemadmodum
900 3230 1023 3307 dicunt,
1037 3230 1231 3317 adjutorium
1239 3230 1300 3294 sibi
1315 3228 1385 3293 dari
1400 3228 1491 3307 Nun,

335 3336 369 3393 et
387 3352 573 3417 progressus
590 3338 640 3395 est
658 3330 741 3395 Nus.
793 3332 896 3415 Super
912 3331 982 3395 hoec
994 3338 1103 3395 autem
1116 3329 1237 3395 emittit
1254 3336 1350 3415 pater
1368 3329 1490 3415 Logon.

335 3428 586 3516 conjugationes
606 3437 716 3495 autem
742 3430 823 3495 fient
842 3430 977 3494 Ennoiae
998 3438 1033 3495 ct
1054 3430 1145 3517 Logi,
1164 3438 1198 3494 ct
1216 3427 1432 3515 Aphtbarsias
1457 3438 1492 3493 et

335 3526 477 3592 Christi:
505 3541 540 3594 et
557 3530 676 3595 AEonia
693 3537 802 3595 autem
820 3530 889 3595 Zoe
906 3528 1088 3595 Thelemati
1106 3529 1352 3615 conjunctum,
1370 3535 1405 3594 et
1423 3526 1492 3593 Nus

334 3678 423 3743 origin,
437 3680 535 3743 though
551 3681 583 3729 he
598 3682 724 3747 expressly
735 3683 795 3731 calls
805 3684 827 3732 it
838 3682 888 3732 ini·
987 3680 999 3714 ¹
1015 3682 1091 3731 Hunc
1108 3682 1186 3731 ίοενιο
1204 3680 1306 3744 nepai!
1326 3678 1489 3743 Epiphaniae,

333 3760 396 3809 liuns
412 3768 432 3810 et
449 3761 617 3812 luminationis
633 3770 653 3812 et
667 3764 829 3825 generationis
839 3780 888 3813 orn-
938 3763 1037 3827 quondo
1053 3763 1145 3812 Hoerer.
1164 3774 1240 3812 1111.
1258 3761 1379 3811 Valerus'n.
1395 3760 1408 3817 i
1423 3775 1444 3821 1,
1462 3760 1492 3809 de

333 3842 771 3901 niam11therefomoffertheabovc
778 3846 887 3896 solution
940 3844 1058 3896 Gnorticir
1081 3844 1192 3908 scripsit:
1221 3846 1294 3904 Δίκην
1323 3845 1437 3903 μυκήτων
1459 3844 1492 3904 τῆ

333 3941 361 3974 as
372 3926 501 3991 inrclring
511 3942 545 3975 no
556 3927 617 3976 such
628 3928 820 3992 inconsistency.
938 3928 1046 3990 ἀμορφίᾳ
1057 3928 1103 3977 ὑπὸ
1113 3929 1171 3987 μίαν
1181 3929 1241 3987 θίξιν
1251 3926 1395 3988 natrano,
1408 3927 1439 3975 dn
1450 3928 1489 3973 κοί

382 4006 442 4057 ¹1n
454 4009 497 4059 the
510 4009 613 4059 Sethian
627 4011 726 4059 scheme
740 4011 783 4059 tha
798 4010 885 4074 Spirit,
938 4008 974 4072 τῷ
993 4012 1122 4072 ἁγιωτάτῳ
1139 4012 1258 4073 Είρηνοίῳ
1274 4011 1321 4069 ἤδη
1338 4011 1393 4071 recl
1412 4010 1491 4057 οίτιῑν

332 4090 390 4139 that
411 4090 519 4140 horered
541 4092 699 4141 Mithra-like
720 4092 829 4157 midway
846 4092 887 4141 be-
939 4093 1085 4156 προείρηται.
1114 4092 1217 4141 Graan.

332 4176 413 4221 tween
431 4172 495 4237 light
512 4174 562 4223 and
577 4172 703 4235 dmknem,
721 4190 772 4222 was
788 4174 843 4223 said
859 4178 886 4223 tc
986 4173 998 4205 ⁸
1013 4174 1067 4223 'l'bc
1078 4173 1179 4222 Cannu.
1192 4172 1307 4235 readings
1318 4188 1360 4221 arc
1375 4172 1434 4219 here
1444 4171 1488 4219 fol·

332 4253 364 4302 be
382 4252 428 4314 οὐχ
446 4256 477 4303 dr
494 4254 585 4313 ἄνεμος,
600 4254 616 4313 ἢ
634 4256 701 4317 ῥιπὴ,
719 4255 833 4314 ἤλεπτη
849 4272 887 4305 τιν
936 4255 1024 4304 fowsd.
1058 4254 1203 4303 TheVess.
1214 4253 1272 4303 MS.
1284 4251 1489 4314 hmncqnitudi·

333 4336 395 4398 οῦρο
406 4337 516 4395 sentim
527 4336 650 4395 ὀισαμένη,
664 4334 720 4384 ἀλλ’
731 4337 801 4384 οίονιί
811 4338 886 4398 μύρου
937 4352 992 4385 nent
1008 4344 1029 4385 α
1044 4343 1197 4399 ιοιιοερίιιιυ,Ι
1212 4336 1256 4384 the
1276 4335 1385 4383 Aluan.
1406 4334 1489 4382 writes

331 4434 368 4469 τις
390 4418 461 4478 ὀσμὴ,
492 4414 509 4477 ἢ
536 4418 684 4477 θυμιάματος
706 4417 733 4465 ἐκ
754 4418 886 4467 συνθέσεωι
937 4418 999 4466 both
1010 4417 1225 4474 intheablatir03
1241 4417 1288 4465 but
1301 4431 1317 4464 a
1333 4415 1489 4479 compariscn

332 4500 561 4559 κατεσκευασμένου,
575 4500 655 4559 λεπτὴ
667 4499 806 4547 διοδεύοντα
817 4501 884 4548 btru-
937 4500 967 4549 ot'
986 4500 1029 4549 the
1050 4500 1132 4549 words
1155 4501 1327 4562 συλλαβοῦσαν
1354 4501 1387 4560 τῇ
1413 4499 1487 4560 χαρᾷ,

332 4597 371 4637 μιν
381 4581 528 4641 διεπυοήτῳ
539 4598 585 4629 τινι
599 4583 639 4629 καί
655 4581 771 4642 κρείττονι
785 4578 803 4640 ἢ
817 4581 885 4642 λόγῳ
936 4598 961 4645 p.
971 4596 1010 4641 41,
1026 4582 1134 4645 Justifics
1149 4582 1195 4629 tha
1208 4581 1364 4645 supposition
1377 4580 1435 4628 that
1447 4580 1490 4628 tlte

332 4662 398 4711 ίστιν
409 4664 509 4721 dirersis
517 4663 608 4724 εὐωδίᾳ.
638 4662 810 4731 Htrr.v.19.
938 4664 1020 4712 Greek
1031 4678 1090 4727 may
1100 4664 1164 4713 bave
1179 4662 1229 4713 had
1246 4662 1287 4713 sal
1304 4662 1492 4727 ἀποβλέπουσαν
