3225 5184
364 410 432 477 310
753 423 832 478 NON
858 424 926 481 EST
950 424 993 478 IN
1018 424 1118 480 1:000

230 596 283 683 erp
296 598 325 641 ιι.
365 576 552 644 Peteer
586 575 723 645 Necesse
737 584 787 644 eet
801 576 909 665 itaque
921 584 955 645 et
967 599 1041 645 enm
1053 577 1107 666 qni
1121 600 1163 645 er
1176 599 1215 644 eo
1227 585 1277 645 eet
1292 576 1439 665 Logos,
1428 597 1515 643 rmno

201 644 308 778 1158181811
296 647 353 778 ⁹1¹¹*-
366 680 467 767 rongis
480 679 614 745 antem'
604 701 707 767 rpsnm
722 679 807 761 Nun,
822 702 896 747 cnm
907 680 951 747 sit
971 680 1087 798 Logoe,
1103 682 1273 767 perlectum
1293 689 1331 747 et
1350 680 1516 766 impassibi

236 784 313 828 ιμιιι
366 782 428 848 lem
442 804 530 858 esse;
554 789 588 849 et
608 802 662 849 ees
682 804 752 867 quse
770 804 811 847 ex
826 804 865 848 eo
878 791 953 848 sunt
973 782 1165 860 emissiones,
1179 782 1322 870 ejusdem
1337 782 1516 848 substantie

366 906 439 951 cum
465 884 531 951 sint
559 884 649 970 cnjus
677 890 747 951 et
738 906 816 971 rpse,
846 885 1011 971 perlectas,
1040 892 1073 949 et
1095 884 1311 971 impasibilee,
1342 892 1379 949 et
1404 904 1517 969 semper

365 986 482 1053 similes
506 1008 577 1051 cnm
606 1008 644 1052 eo
670 1008 876 1073 perseverare,
899 986 951 1071 qni
980 1008 1035 1052 ees
1064 986 1178 1052 emisit.
1231 986 1307 1051 Non
1338 986 1438 1074 igitur
1457 987 1517 1071 jam

367 1090 474 1179 logos
491 1090 579 1177 qussi
594 1090 722 1157 tertium
742 1090 883 1155 ordinem
900 1088 1111 1176 generationis
1128 1090 1247 1156 habene
1265 1091 1445 1178 ¹ignorerit
1462 1089 1516 1151 Pe

365 1202 458 1274 stem,
481 1194 740 1281 quemadmodum
760 1195 875 1259 docent
895 1193 944 1258 hi:
967 1193 1028 1259 lroc
1050 1194 1135 1259 enim
1156 1194 1190 1259 in
1210 1195 1378 1260 hominnm
1400 1192 1516 1279 quidem

268 1354 276 1369 .
365 1299 566 1387 generatione
593 1298 726 1364 lortosee
757 1297 920 1385 potabitur
943 1297 1109 1364 verisimile
1137 1320 1218 1377 esee,
1254 1322 1293 1364 eo
1323 1298 1414 1384 qnod
1441 1316 1516 1381 eaepe

365 1406 510 1492 ignorant
521 1426 595 1471 snos
609 1412 773 1491 parentem
797 1402 831 1467 in
850 1402 940 1489 Logo
960 1411 1067 1468 entem
1082 1402 1190 1469 Petris
1207 1404 1394 1469 omnimodo
1410 1402 1515 1487 impos
1525 1412 1560 1449 1-1

365 1507 455 1575 sibile
469 1515 528 1573 est.
572 1505 608 1573 Si
621 1505 704 1572 enim
718 1505 874 1572 exsistens
892 1505 926 1569 in
941 1506 1038 1571 Petne
1051 1507 1216 1593 cognoscit
1229 1507 1313 1572 hunc
1335 1508 1374 1570 in
1388 1525 1452 1590 qno
1463 1508 1512 1576 est

366 1610 426 1677 hoc
441 1618 490 1677 est
503 1610 706 1697 semetipsum
720 1630 783 1674 non
796 1608 939 1695 ignoret:
963 1617 996 1674 et
1011 1631 1082 1694 qnae
1095 1611 1138 1675 eb
1152 1611 1212 1677 hoc
1229 1618 1305 1675 sunt
1326 1608 1512 1679 emissiones.

365 1712 498 1779 virtmes
511 1713 580 1797 ejus
593 1712 791 1791 exsistentes,
806 1720 840 1777 et
853 1732 977 1797 semper
989 1712 1019 1778 ei
1033 1712 1227 1791 assistentes,
1247 1735 1311 1778 non
1330 1710 1513 1800 ignorabunt

365 1838 439 1882 eum
452 1816 505 1904 qui
523 1836 559 1882 se
576 1816 690 1895 emisit,
705 1814 966 1903 qnemedmodnm
986 1838 1045 1881 nec
1066 1817 1145 1882 radii
1165 1816 1274 1882 solem.
1317 1813 1420 1881 ²Non
1439 1809 1513 1895 capit

365 1919 461 2006 igitur
478 1918 540 1985 Dei
559 1917 719 2005 Sophiam,
738 1940 810 1985 eem
828 1940 899 2003 qnae
921 1918 1004 1984 intra
1026 1919 1171 1986 Pleroma
1186 1927 1246 1999 est,
1264 1942 1340 1986 cnm
1361 1919 1408 1985 sit
1426 1938 1447 1982 a
1466 1910 1511 1978 teli

364 2021 539 2100 emissione,
553 2022 612 2086 sub
626 2020 770 2106 pensione
780 2020 939 2100 cecidisse,
953 2029 988 2087 et
1001 2021 1096 2089 telem
1109 2023 1317 2110 ignorantiam
1331 2018 1511 2105 concepisse.

366 2120 522 2187 Possibile
535 2132 585 2187 est
598 2130 714 2198 eutem
727 2144 798 2188 cem
809 2146 879 2208 qnae
890 2132 940 2189 est
952 2146 974 2190 e
986 2125 1157 2193 Valentino
1171 2126 1379 2213 Sepientiam,
1394 2118 1507 2189 comsit

365 2224 406 2291 de
421 2224 535 2290 diaboli
548 2224 725 2305 emissione,
739 2227 774 2290 in
791 2227 876 2291 omni
890 2228 1035 2315 passione
1056 2230 1156 2309 ³lieri,
1176 2238 1209 2297 et
1225 2230 1418 2316 protundum
1433 2226 1508 2312 igne

365 2327 476 2394 rentiae
504 2327 700 2394 fructificare.
745 2327 813 2394 Ubi
842 2330 928 2395 enirn
955 2331 1015 2417 ipsi
1042 2332 1256 2399 testimoninm
1284 2333 1451 2419 perhibent
1474 2323 1505 2386 de

365 2440 466 2500 metre
487 2454 555 2512 sue,
572 2433 712 2499 dicentes
732 2454 803 2499 eem
821 2434 940 2501 AEonie
953 2436 1085 2502 errantis
1099 2437 1331 2524 generationem
1351 2457 1433 2511 esse,
1451 2433 1504 2518 jem

365 2557 428 2602 non
442 2558 580 2624 querere
598 2544 721 2623 oportet
743 2558 880 2615 censam,
894 2544 1021 2624 propter
1035 2560 1129 2624 quam
1142 2538 1198 2605 filii
1211 2539 1393 2627 hujusmodi
1411 2532 1503 2603 matre

363 2638 548 2726 ignorentiae
562 2661 685 2726 semper
697 2648 809 2706 natent
822 2640 855 2704 in
869 2641 1031 2728 prolirndo.

428 2747 460 2811 3.
506 2743 629 2809 Praeter
642 2743 700 2809 hae
713 2751 821 2808 autem
834 2742 1015 2809 emissiones
1025 2767 1085 2832 ego
1094 2745 1218 2831 quidem
1228 2749 1371 2834 jamnon
1381 2741 1502 2825 intelligo

363 2846 494 2912 alteram
515 2866 608 2932 posse
629 2867 684 2911 eos
701 2846 824 2922 dicere;
845 2846 901 2911 sed
923 2867 962 2911 ne
981 2846 1043 2931 ipsi
1063 2848 1188 2933 quidem
1208 2850 1340 2915 alteram
1363 2844 1503 2935 quendem

364 2947 584 3035 proprietatem
608 2948 755 3014 emissem
779 2947 945 3013 reddentes
966 2948 1142 3034 aliquando,
1168 2952 1285 3039 cogniti
1311 2962 1391 3017 sunt
1417 2944 1501 3015 nobit

362 3049 437 3115 licet
450 3049 538 3116 valde
552 3050 683 3115 multam
697 3050 736 3115 de
748 3049 924 3135 hujusmodi
932 3051 1095 3137 speciebus
1103 3055 1306 3137 questionem
1315 3050 1501 3121 habeamus

362 3174 435 3219 cnm
448 3153 513 3219 eis:
536 3153 597 3219 hoo
610 3163 716 3219 eutem
730 3152 833 3218 solum
846 3153 963 3232 dicunt,
979 3153 1126 3239 quoniam
1144 3157 1249 3223 emissi
1262 3167 1337 3223 sunt
1353 3152 1500 3239 unusquis-

362 3279 423 3342 que
443 3257 574 3336 illorum,
595 3264 628 3322 et
649 3256 734 3321 illum
752 3262 876 3321 tentum
890 3256 1090 3343 ‘cognovisse
1108 3257 1160 3343 qui
1181 3281 1216 3325 se
1236 3261 1351 3340 emisit,
1370 3263 1500 3349 ignoraus

361 3370 468 3427 autem
489 3384 561 3427 eum
584 3360 636 3446 qni
657 3371 732 3427 ente
753 3359 840 3424 illum
861 3367 921 3425 est.
958 3360 983 3425 J
984 3382 1036 3426 am
1054 3383 1116 3427 non
1131 3372 1236 3429 antem
1250 3388 1323 3430 enm
1337 3361 1499 3432 ostensione

361 3464 609 3553 progrediuntur,
625 3464 886 3549 quemadmodum
900 3464 1005 3531 emissi
1019 3474 1170 3546 sentent
1184 3470 1338 3555 quomodo
1353 3468 1438 3557 cepit
1449 3460 1499 3530 tale

361 3728 412 3775 ep.
425 3712 587 3778 Empedocles
597 3730 655 3777 seyr
665 3716 695 3764 ol’
701 3715 746 3763 the
756 3714 841 3779 Deity,
964 3716 1010 3765 1³1„
1028 3717 1114 3769 Peon.
1130 3720 1202 3779 μόνον
1216 3724 1265 3771 τῶν
1278 3723 1353 3773 tneo
1367 3722 1456 3775 erret
1467 3713 1499 3764 ¹⁰⁸

361 3795 390 3844 etl
399 3796 444 3854 ple
453 3795 503 3857 γὰρ
512 3795 601 3857 βροτέῃ
612 3796 709 3857 κεφαλῇ
724 3795 788 3844 κατὰ
803 3796 862 3857 γυῖα
876 3795 913 3845 el·
964 3799 1042 3861 ἀμιγῆ
1053 3803 1093 3850 ent
1104 3802 1215 3865 καθαρόν.
1244 3806 1338 3857 Astur.
1350 3807 1382 3856 dc
1391 3809 1438 3856 Ae
1447 3814 1464 3849 1.
1472 3812 1489 3845 1-

427 3878 671 3927 sorren-Ammon.
684 3877 711 3926 in
721 3878 815 3926 Amen.
825 3895 851 3927 π.
860 3879 912 3940 ἱρμ.
1012 3880 1023 3912 ¹
1039 3882 1067 3930 N
1068 3898 1097 3932 ιιι
1115 3884 1187 3933 alono
1204 3888 1401 3951 comprehended
1416 3886 1455 3935 the
1470 3894 1498 3926 ⁶⁸·

361 3960 404 4010 ele
426 3962 493 4009 ἔστιν
519 3958 657 4010 erederet·
682 3956 733 4010 οὐδ’
754 3960 915 4023 ὀφθαλμοῖσιν
962 3978 1034 4013 senoe
1051 3965 1081 4014 of
1096 3967 1140 4015 the
1157 3966 1258 4029 Fether,
1282 3986 1308 4034 p.
1324 3984 1354 4035 93
1372 3972 1405 4021 he
1420 3958 1498 4015 nield

427 4043 525 4105 ἐφικτὸν
962 4047 990 4092 tn
1007 4045 1099 4109 impert
1115 4048 1165 4097 thie
1182 4049 1328 4115 knowledge
1344 4056 1372 4100 to
1386 4048 1427 4101 tlre
1439 4044 1498 4093 othe!

361 4124 490 4187 ἡμετέροις,
500 4122 517 4185 ἥ
527 4125 598 4187 χερσὶ
608 4123 781 4187 λιβεῖν.-οι.
792 4122 842 4173 Ae
852 4122 911 4173 S.v.
962 4126 1051 4188 AEons,
1063 4129 1110 4177 but
1123 4146 1174 4178 was
1186 4132 1323 4181 restrained
1340 4134 1374 4197 by
1393 4132 1453 4195 sige,
1465 4134 1495 4181 ¹3r

361 4208 428 4256 etta
449 4208 513 4269 φρὴν
534 4208 584 4269 ίερὴ
607 4206 647 4255 ecl
666 4206 804 4268 ἀθέσφατος
824 4206 913 4254 ἔπλετο
961 4208 1016 4259 'l'he
1027 4210 1107 4259 Eone
1124 4212 1181 4262 that
1197 4214 1328 4264 emanated
1344 4215 1408 4264 from
1418 4212 1495 4271 lm·

426 4290 510 4347 μοῦνα
962 4306 1026 4340 were
1037 4293 1091 4341 κατ’
1103 4294 1192 4355 οὐσίαν,
1205 4302 1250 4345 not
1261 4299 1325 4346 rard
1335 4300 1426 4359 prmo.

361 4369 471 4433 φρόπισι
501 4370 589 4429 κόσμον
620 4370 718 4419 ἅπαντα
746 4369 913 4419 κατιΐσσουσα
1010 4372 1095 4423 ¹Non
1106 4376 1172 4438 capit
1184 4393 1212 4425 ae
1223 4378 1354 4428 elsewhere
1366 4380 1405 4429 for
1417 4377 1455 4426 ele
1468 4370 1495 4416 lt·

426 4453 648 4514 θοῇσι-Διιιιιιιι.
660 4452 687 4500 in
698 4452 749 4501 As.
763 4470 789 4501 rr.
800 4453 852 4513 ἐρμ.
961 4455 1066 4515 δέχεται,
1078 4455 1134 4503 eub.
1146 4457 1175 4504 rt
1185 4457 1274 4517 Myro.

360 4526 524 4592 Anaxagorae
540 4530 631 4593 taught
648 4530 704 4579 that
718 4530 762 4578 the
773 4530 851 4595 Deity
862 4548 913 4580 wan
1012 4532 1100 4596 ’fieri
1112 4539 1235 4597 γενέσθαι.

363 4607 425 4657 Note
440 4608 453 4657 t
466 4610 600 4671 διακοσμῶν
615 4628 643 4659 τι
660 4611 700 4660 rel
716 4612 814 4660 ederes
829 4614 911 4663 utrm.
1012 4617 1022 4647 ⁴
1038 4618 1091 4665 'l'he
1102 4623 1205 4668 context
1215 4619 1325 4685 requires
1335 4612 1465 4683 mpsmit
