3225 5184
306 370 372 437 226
778 382 1011 437 ornrrnanu

140 562 222 605 ⁹¹⁹¹·
228 552 323 603 ¹¹¹⁹·
307 584 340 625 εν
361 548 430 645 ,t
407 585 444 637 ην
454 548 605 644 Ἀγνοια
622 582 676 623 και
666 548 877 623 Αὖθᾶδεια·
912 582 956 625 το
946 548 1063 622 δὲ’
1042 578 1146 649 εργον
1161 556 1276 634 τοῦτο,
1296 546 1467 691 Ilparrip-

72 746 74 753 ,
142 610 295 787 olallglftr.
309 696 419 763 χοντα
439 672 589 751 καλονσι,
610 663 663 735 sal
691 663 792 735 αὖτὸν
814 663 893 735 εἶναι
918 665 1060 756 λέγουσι
1083 670 1141 747 τῆς
1159 662 1297 740 κτίσεως
1314 662 1466 743 ποιητήν.

194 759 207 785 Ι
232 774 239 787 ο

144 827 293 841 —-—
310 779 519 850 ...Τοῦτον
547 775 582 848 δὲ
609 809 652 871 τῃ
638 774 851 869 Attaleia
880 779 1105 877 συναφθέντα,
1135 776 1196 861 τὴν
1224 775 1403 846 Κακίαν’
1379 802 1470 844 ατο-

309 899 473 987 pervicac,
502 889 557 961 rol
586 922 632 963 τα
650 890 774 973 ταύτης·
798 891 914 989 μόρια.

802 1069 896 1171 Κεφ.
916 1070 974 1152 κη’.

311 1228 400 1323 Qaae
420 1241 470 1305 est
489 1225 713 1328 Ophitarum
729 1240 762 1303 et
781 1225 1009 1326 Oajaccrcm
1024 1224 1281 1326 irreligiositas
1297 1238 1329 1303 at
1346 1224 1469 1325 impu

511 1342 650 1439 dantia,
674 1358 706 1421 et
732 1343 831 1421 cade
856 1343 1066 1445 consaepto
1088 1343 1265 1445 ipsoram.

388 1498 519 1573 1.οῙ
540 1496 575 1571 δὲ
592 1498 808 1585 Σηθιανοὶ
771 1531 823 1577 ους
834 1498 1061 1600 Οφιανους
1037 1533 1055 1582 η
1077 1498 1283 1598 'Optem'
1245 1530 1330 1577 τινες
1346 1492 1470 1581 ὄνομα·
1452 1522 1576 1611 -rnepa

311 1520 432 1715 ζονσῙιν,
462 1610 669 1712 Ἄνθρωπον
706 1618 849 1685 rubores
883 1610 945 1686 τὸν
978 1616 1045 1685 τῶν
1077 1609 1235 1685 a‘rdrrmu
1266 1610 1361 1696 θεὸν,
1396 1614 1469 1712 φῶς
1482 1618 1545 1657 Η*

308 1844 474 1923 habentia,
506 1867 541 1910 se
570 1850 681 1910 autem
715 1840 784 1910 sine
817 1841 1052 1931 conjugatione,
1084 1842 1233 1931 quaesisse
1264 1842 1315 1909 cui
1346 1844 1470 1911 aduna-

310 1954 421 2012 retur:
457 1951 492 2010 et
518 1966 591 2010 cum
621 1966 686 2009 uon
713 1943 881 2019 inveniret,
913 1946 1132 2009 ¹asseverabat
1156 1950 1191 2009 et
1220 1944 1468 2022 extendebatur,

311 2051 346 2110 et
372 2044 584 2130 prospiciebat
608 2044 650 2109 ad
675 2043 841 2109 inferiores
865 2050 984 2130 partes,
1011 2053 1130 2129 putans
1154 2044 1205 2109 hio
1228 2043 1369 2109 invenire
1392 2066 1470 2109 con-

308 2144 439 2231 jugem:
483 2152 518 2209 et
547 2164 612 2207 non
642 2143 813 2218 inveniens,
844 2143 960 2208 exsiliit
985 2143 1121 2208 taediata
1150 2166 1286 2229 quoque,
1318 2144 1469 2231 quoniam

312 2242 381 2307 sine
419 2244 504 2309 bona
533 2243 699 2309 voluntate
733 2242 836 2328 patris
867 2243 1023 2328 impetum
1054 2244 1184 2309 lecerat.
1241 2244 1321 2309 Post
1351 2243 1470 2310 deinde

311 2340 518 2429 simplicitate
547 2348 581 2407 ct
609 2342 809 2429 benignitate
835 2351 911 2408 acta
936 2342 1103 2430 generarit
1132 2366 1220 2430 opus,
1247 2343 1280 2407 in
1308 2367 1371 2432 quo
1395 2354 1470 2411 erat

311 2440 495 2529 ignorantia
512 2448 546 2507 et
560 2441 703 2507 audacia.
755 2442 830 2507 Hoc
854 2450 964 2507 autem
989 2465 1069 2529 opus
1091 2445 1160 2530 ejus
1180 2466 1248 2508 esse
1266 2444 1470 2509 Proarehon-

311 2550 379 2607 tem
407 2540 710 2631 [Protarobontem]
738 2542 860 2621 dicunt,
882 2542 1108 2607 fabricatorem
1136 2542 1326 2609 conditionis
1351 2544 1465 2629 hujus:

310 2641 464 2707 virtutem
491 2650 600 2708 autem
621 2664 771 2729 magnam
797 2642 966 2709 abstulisse
994 2664 1067 2707 eum
1093 2664 1114 2708 a
1137 2652 1243 2709 matre
1264 2651 1409 2718 narrant,
1432 2652 1468 2711 et

310 2742 472 2807 abstitisse
489 2744 530 2808 ab
548 2764 587 2807 ea
601 2742 634 2806 in
651 2742 811 2816 inferiora,
825 2751 860 2809 et
876 2742 987 2807 lesisse
1003 2742 1240 2809 firmamentum
1257 2744 1338 2821 eceli,
1351 2743 1385 2807 in
1402 2766 1466 2831 quo

310 2850 344 2906 et
362 2842 510 2907 babitare
527 2842 638 2907 dicunt
655 2865 738 2907 eum.
774 2842 821 2908 Et
837 2864 910 2908 cum
926 2842 969 2907 sit
986 2842 1178 2929 ignorantia,
1194 2842 1306 2909 fecisse
1322 2866 1375 2909 aaa
1391 2866 1464 2928 quar

310 2950 387 3007 sunt
410 2942 469 3006 sub
493 2964 531 3007 eo
557 2949 744 3025 potestates,
769 2949 803 3008 et
829 2943 969 3029 angelos,
993 2950 1028 3008 et
1049 2942 1262 3023 firmamenta,
1279 2952 1312 3009 et
1333 2950 1462 3007 terrena

310 3040 426 3105 omnia.
478 3040 605 3106 Deinde
638 3041 749 3107 dicunt
778 3042 947 3107 adunitum
977 3064 1049 3107 eum
1082 3042 1268 3119 Authadiae,
1297 3061 1463 3130 genem

311 3138 451 3214 Kakian,
482 3140 593 3215 Zelon,
617 3150 652 3206 et
673 3140 889 3219 ”Phthonum
915 3155 950 3207 et
977 3142 1134 3229 Erinnyn,
1162 3151 1197 3208 et
1219 3140 1464 3229 'Epithymiam

311 3238 480 3305 Generatis
505 3247 616 3306 autem
641 3240 700 3320 bis,
727 3250 833 3308 mater
857 3240 978 3329 Sophia
1003 3243 1196 3308 contristata
1220 3241 1351 3329 refugit,
1371 3248 1406 3306 et
1431 3239 1465 3305 in

309 3339 426 3405 altiora
455 3341 585 3406 secessit
612 3348 646 3407 et
672 3341 712 3407 fit
737 3344 887 3408 deorsum
911 3342 1153 3408 numerantibus
1177 3338 1351 3408 catenatio.
1404 3340 1467 3407 llls

309 3436 409 3524 igitur
424 3440 602 3516 secedente,
620 3462 655 3506 se
669 3442 771 3507 solum
788 3442 954 3529 opinatum
970 3464 1049 3518 esse,
1063 3450 1097 3508 et
1114 3451 1246 3529 propter
1259 3442 1319 3507 hoo
1332 3440 1463 3505 dixisse.

144 3548 279 3636 ma
234 3552 283 3591 a
309 3535 377 3622 Ego
394 3560 462 3603 sam
479 3542 566 3605 Daca
584 3540 707 3619 zelator,
733 3550 761 3608 st
782 3551 901 3631 proetor
925 3564 971 3608 mc
995 3564 1079 3607 camo
1103 3552 1154 3609 art.
1206 3542 1251 3609 Et
1276 3542 1310 3607 hi
1336 3540 1465 3628 quidem

142 3642 195 3689 9ι9ι
207 3595 287 3683 “⁹¹⁹-
309 3636 388 3702 talia
405 3638 615 3704 mentiuntur.

735 3824 836 3891 CAP.
860 3824 1040 3892 XXVIII.

383 3956 413 4021 1.
448 3952 538 4021 ³Anu
551 3962 661 4021 autem
675 3979 784 4023 rursus
796 3966 1009 4045 portentuosa
1024 3960 1208 4047 loquuntur,
1220 3982 1288 4025 sese
1304 3958 1465 4045 quoddam
1479 3982 1506 4022 o.
1518 3985 1564 4025 ros

306 4053 445 4143 primum
461 4057 570 4122 lumen
585 4056 619 4121 in
634 4057 755 4125 virtute
773 4058 884 4148 Bytbi,
899 4062 1039 4138 beatum,
1051 4069 1085 4125 et
1101 4059 1353 4147 incorruptibile,
1367 4066 1402 4124 et
1418 4058 1467 4123 in-

354 4214 534 4266 mmmm.
560 4216 613 4265 Tha
621 4216 698 4267 Latin
705 4218 856 4283 equivalent,
959 4217 971 4250 ¹
988 4220 1105 4268 Strusax
1117 4218 1164 4269 has
1180 4234 1214 4269 no
1230 4218 1360 4282 authority
1370 4216 1411 4266 sor
1425 4217 1466 4267 hi·

304 4310 332 4344 aa
342 4294 439 4345 Gaura
450 4296 569 4358 remarks,
587 4298 617 4346 os
630 4300 796 4362 trt'rxcplscrc,
814 4301 860 4349 but
911 4298 995 4349 Greek
1006 4300 1178 4350 terminatione
1190 4304 1217 4349 to
1228 4301 1297 4349 these
1308 4298 1397 4349 words.

303 4376 409 4441 perhaps
427 4378 557 4427 διετείνατο
573 4393 631 4442 may
642 4378 706 4428 have
719 4380 781 4429 besu
793 4382 859 4429 mult
960 4378 971 4413 ⁸
986 4382 1042 4431 atii
1049 4401 1060 4438 ,·
1077 4383 1119 4430 the
1132 4381 1244 4447 Ophias,
1262 4380 1316 4440 but,
1331 4378 1467 4443 according

303 4463 355 4519 ten,
375 4459 425 4508 aud
439 4458 558 4509 rendered
570 4476 598 4509 aa
614 4476 630 4509 a
648 4464 712 4509 tenu
730 4460 757 4509 in
772 4460 859 4510 dialec-
910 4465 938 4510 to
955 4462 1122 4524 Turonum,
1135 4462 1178 4512 the
1196 4459 1316 4521 Sethiaui,
1335 4460 1418 4509 whom
1434 4459 1467 4509 ha

302 4538 350 4587 Iler
357 4556 365 4599 3
381 4540 548 4589 andedum
561 4542 588 4590 iu
602 4540 653 4591 this
667 4558 722 4592 cua
734 4542 817 4592 wotrld
827 4544 859 4593 ba
910 4543 1033 4593 idsntifias
1049 4543 1198 4609 incorrectly
1212 4542 1274 4592 with
1290 4543 1335 4591 the
1351 4540 1466 4607 Ophites.

303 4620 454 4683 rmarglnsl
464 4621 540 4685 gloss.
909 4624 963 4674 Tha
977 4630 1085 4675 account
1098 4627 1173 4691 given
1184 4626 1219 4690 by
1230 4624 1404 4673 Πανοπῆα
1419 4622 1467 4673 bu
