3225 5184
283 406 334 479 36
741 414 988 471 mnrrmnnu

133 599 262 691 lgffil·
285 590 349 659 τοῦ
367 584 496 669 κόσμου
512 591 679 677 στοιχεῖα.
710 575 871 650 Ποτὲ
832 608 892 661 μεν
911 571 980 674 γὰρ
1002 574 1113 645 ἔκλαιε
1133 602 1187 642 και
1176 569 1442 653 ἔλυτεῖτο,ὧς

123 692 247 733 mm
248 694 272 731 '²
126 697 436 838 ,,,,,,..λε’γρνσι,
457 692 510 768 διδ
538 726 582 766 το
570 691 873 790 καταλελείφθαι
905 689 1006 771 μόνην
1036 687 1070 756 ἐν
1095 716 1144 773 τῳ
1168 682 1282 753 σκότει
1307 679 1361 751 »rui
1389 712 1439 770 τῳ

286 812 458 893 κενόματι·
485 839 573 880 ποτε
561 803 678 877 δί’
651 836 693 882 εις
719 805 841 874 ἔννοιαν
859 797 980 884 ἥκουσα
997 829 1060 871 του
1045 796 1324 870 καταλιπόντος
1342 793 1441 875 αὖτην

289 920 413 1022 φωτδς,
447 918 591 1016 διεχεῖτο
622 916 676 988 »rui
712 916 828 1008 ε’γέλα·
869 910 957 985 ποτὲ
994 909 1019 981 δ’
1051 908 1091 981 αδ
1122 906 1226 980 πόλιν
1261 907 1439 1006 ἐφοβεῖτο·

288 1034 419 1106 ε’ίλλοτε
438 1030 473 1103 δε
491 1030 648 1171 διηπόρει,
667 1060 720 1099 και
710 1026 913 1122 ἐξίστατο.

366 1150 399 1215 8.
448 1144 578 1215 Kal'
540 1176 575 1215 τι
592 1144 688 1281 *stiffi
713 1136 886 1278 τραγῳδία
909 1135 1024 1218 πολλη
1047 1130 1211 1206 λοιπδν
1188 1166 1224 1217 ην
1246 1127 1440 1213 ε’νθόδε,
1386 1160 1440 1199 και

290 1256 506 1358 φαντασία
492 1254 560 1333 ενδς
587 1250 730 1325 ἕκόστου
757 1253 872 1335 atreo,
905 1247 1016 1325 ἄλλως
1043 1247 1097 1318 rai
1128 1245 1238 1322 ἄλλως
1266 1245 1442 1340 ισοβαρῶς

289 1368 569 1463 ε’κδιηγουμίνου’
554 1398 588 1437 εκ
605 1396 765 1438 ποταπου
750 1362 945 1446 πόθους,’
929 1394 964 1431 εκ
982 1360 1081 1431 ποίου
1099 1357 1271 1454 στοιχείου
1289 1359 1325 1437 ²»5
1345 1355 1441 1425 οὐσία

236 1514 351 1566 την
374 1483 502 1574 γένεσιν
521 1476 713 1579 εἴληφεν·
695 1510 717 1548 α
737 1477 790 1548 »rai
811 1476 942 1551 είκότως
967 1471 1103 1543 δοκουσί
1128 1502 1185 1551 μοι
1214 1469 1259 1553 μη
1288 1466 1442 1543 ἅπαντας

291 1595 435 1667 θελειν’
419 1626 453 1665 εν
479 1598 615 1692 φανερῷ
637 1588 809 1672 διδάσκειν,
835 1582 962 1659 ἀλλΗι
944 1618 962 1667 η
986 1586 1104 1668 μόνους
1128 1584 1262 1659 εκείνους
1289 1580 1367 1656 τοὺς
1387 1577 1442 1648 »rui

290 1703 458 1799 μεγόλους
487 1703 665 1789 μισθοδς’
650 1700 733 1802 υπὲρ
766 1701 970 1783 τηλικούτων
993 1696 1181 1795 μυστηρίων
1212 1702 1322 1767 τελεῖν
1351 1690 1443 1762 δυνα-

290 1819 412 1905 μόνους.
447 1816 569 1889 Οὖκίτι
596 1813 665 1915 γὰρ
687 1820 797 1888 ταῦτα
819 1809 919 1897 δμοια
941 1810 1078 1894 ἐκείνοις,
1100 1839 1177 1907 περι
1166 1807 1287 1879 όν
1270 1838 1289 1877 ο
1319 1805 1443 1903 Κύριος

291 1934 380 2015 ἡμῶν
414 1930 526 2029 ε’ίρηκε,
567 1925 688 2027 δωρεὰν
722 1923 875 2013 ἐλάβετε,
913 1919 1034 2022 δωρεαν
1073 1919 1161 1992 δότε·
1204 1915 1347 1991 ιἰλλὰ’
1330 1946 1444 1988 ανακε-

292 2042 479 2141 χωρηκότα,
504 2072 558 2111 και
547 2036 754 2138 τερατώδη
781 2068 837 2108 και
826 2036 973 2124 βαθέα
1001 2038 1167 2133 μυστήρια
1193 2063 1279 2116 μετα
1308 2032 1445 2101 πολλου

290 2149 442 2238 καμότου
472 2153 703 2251 περιγινόμενα
734 2159 808 2227 τοῖς
843 2144 1083 2248 φιλοψευδίσι.
1127 2144 1190 2223 Τίς
1219 2141 1289 2241 γὰρ
1321 2144 1378 2215 οὐκ
1402 2172 1444 2211 αν

292 2258 592 2348 ἕκδαπανῆσειε’
543 2294 655 2335 παντα
676 2294 723 2335 τα
744 2258 944 2360 ὑπάρχοντα
967 2259 1077 2342 αότου,
1101 2290 1152 2329 ινα
1173 2254 1318 2351 μόθη,”
1296 2287 1351 2327 οτι
1374 2251 1445 2325 ἆπδ

292 2382 359 2450 τῶν
378 2374 519 2475 δακρύων
537 2378 596 2458 τῆς
613 2374 839 2458 Ἑνθυμῆσεως
856 2380 920 2445 τοῦ
937 2371 1147 2448 πεπονθότος
1161 2369 1296 2453 Αίῶνος,
1315 2364 1446 2439 θόλασ-

293 2520 364 2575 σαι,
392 2489 445 2560 καί
473 2486 589 2580 πηγαί,
620 2486 674 2559 καί
706 2485 867 2571 ποταμοί,
891 2484 945 2556 καὶ
975 2487 1071 2555 πᾶσα
1101 2480 1230 2583 ἔνυδρος
1258 2482 1353 2553 odoia
1383 2480 1446 2563 τὴν

291 2682 469 2771 torpor-alia
480 2682 590 2750 mundi
605 2684 770 2752 elementa.
822 2682 1009 2771 Aliquando
1023 2680 1108 2747 enim
1128 2681 1276 2768 plorabat
1292 2686 1327 2747 et
1343 2678 1445 2745 tristis

292 2792 373 2859 erat,
390 2785 548 2870 quomodo
564 2785 683 2861 dieunt,
701 2785 786 2871 qnod
803 2784 957 2850 derelicta
972 2782 1040 2849 sola
1056 2790 1141 2849 esset
1157 2782 1190 2847 in
1207 2778 1347 2849 tenebris
1362 2787 1396 2845 et
1411 2778 1445 2842 in

292 2904 409 2949 vaono:
435 2882 605 2969 aliquando
630 2892 738 2949 autem
761 2883 794 2949 in
811 2881 1037 2971 cogitationem
1053 2882 1182 2948 veniens
1206 2882 1274 2967 ejus
1290 2880 1375 2967 qnod
1392 2879 1445 2943 de·

292 2981 466 3067 reliquerat
479 3003 550 3046 eam
561 2982 677 3058 lumen,
697 2982 934 3049 diffundebatur
946 2990 981 3048 et
994 2982 1134 3048 ridebat:
1152 2982 1321 3068 aliquando
1336 2986 1445 3045 autem

293 3102 402 3146 rursus
412 3080 562 3147 timebat:
579 3082 749 3169 aliquando
760 3084 1034 3160 consternabatur,
1049 3088 1083 3147 et
1100 3081 1235 3147 eestasin
1252 3079 1443 3167 petiebatur.

371 3184 402 3246 8.
454 3179 500 3246 Et
517 3180 645 3267 quidem
666 3182 751 3248 enim
778 3180 920 3268 [Ecquid
941 3182 1061 3269 enimi]
1088 3181 1247 3268 trsgoedia
1272 3179 1373 3245 multa
1395 3186 1446 3245 est

289 3276 359 3370 jam
391 3280 453 3356 hie,
482 3287 517 3346 et
541 3281 710 3367 phantasia
736 3282 979 3369 uniuscujusque
1002 3282 1136 3358 illorum,
1167 3280 1262 3347 aliter
1288 3286 1322 3345 et
1352 3278 1447 3344 aliter

294 3378 436 3467 graviter
462 3381 658 3467 exponentis,
683 3404 723 3446 ex
751 3382 836 3467 quali
863 3382 1017 3467 passione,
1047 3390 1082 3447 et
1109 3403 1148 3445 ex
1174 3380 1260 3467 quali
1289 3379 1447 3445 elemento

294 3478 475 3545 substantia
506 3481 744 3567 generationem
779 3481 913 3566 aceepit.
976 3480 1059 3557 Quae
1093 3480 1190 3546 etiam
1223 3478 1448 3545 convenienter

293 3576 443 3643 ridentur
464 3578 543 3643 mihi
565 3600 630 3645 non
650 3602 759 3645 omnes
783 3581 863 3645 velle
888 3580 921 3644 in
944 3580 1112 3645 manifesto
1137 3581 1261 3657 dooere,
1283 3579 1338 3643 sed
1364 3578 1447 3643 solos

287 3674 364 3745 illos
380 3676 435 3761 qui
452 3677 550 3743 etiam
566 3679 704 3765 grandes
721 3681 883 3745 mercedes
898 3703 957 3765 pro
974 3678 1091 3745 talibus
1112 3680 1271 3766 mysteriis
1293 3685 1448 3764 proestare

293 3781 435 3859 possunt.
487 3774 560 3841 Non
579 3777 662 3841 enim
673 3779 743 3864 jam
760 3780 871 3845 dieunt
886 3779 1001 3844 similia
1017 3779 1087 3858 illis,
1105 3780 1146 3843 de
1163 3780 1277 3865 quibus
1292 3776 1448 3843 Dominus

214 3918 220 3930 ·
292 3880 403 3939 noster
428 3874 530 3942 dixit:
560 3878 675 3943 Gratis
701 3880 871 3965 scropulis,
896 3880 1000 3964 eratis
1028 3880 1118 3944 date:
1146 3880 1204 3943 sed
1224 3882 1390 3965 'separata
1414 3885 1449 3943 et

293 3980 511 4059 portentuosa,
530 3984 564 4041 et
581 3977 648 4042 alta
665 3979 905 4063 mysteriorum
922 4000 1038 4065 magno
1055 3979 1163 4043 labore
1181 3978 1339 4065 exquisita
1359 3977 1450 4041 lalla-

294 4073 391 4139 eibus.
444 4074 525 4151 Quis
547 4075 632 4141 enim
652 4098 717 4141 non
740 4087 851 4164 eroget
873 4078 980 4143 omnia
996 4100 1067 4163 quse
1083 4086 1158 4144 sunt
1176 4080 1253 4163 ejus,
1269 4078 1317 4143 uti
1335 4076 1446 4150 diseat,

295 4172 444 4258 quoniam
464 4198 485 4240 a
508 4174 654 4262 laerymis
671 4176 913 4261 Enthymeseos,
931 4199 1001 4263 quse
1023 4186 1072 4243 est
1093 4200 1134 4243 ex
1159 4178 1304 4264 passione
1322 4173 1447 4252 AEonis,

293 4272 396 4339 maria
412 4280 446 4339 et
462 4275 577 4350 fontes,
596 4281 630 4340 et
647 4276 787 4352 flumina,
806 4284 841 4342 et
856 4277 1003 4343 universa
1018 4276 1149 4342 humida
1166 4277 1301 4343 materia
1317 4292 1447 4361 genera-

342 4438 353 4473 ¹
371 4444 488 4505 “mit
500 4443 655 4509 P0¹¹¹P⁰1¹⁸15·
947 4446 959 4479 ⁸
982 4448 1111 4513 δορατιον,
1139 4448 1249 4497 maraon
1277 4444 1360 4496 would
1384 4444 1450 4494 hare

342 4518 354 4551 ¹
370 4520 386 4579 ἡ
404 4522 473 4570 οὐσία
489 4522 546 4571 here
563 4524 624 4573 used
640 4524 666 4573 in
683 4525 853 4575 themuseos
898 4530 980 4579 better
996 4532 1126 4595 expmd
1142 4531 1186 4580 the
1202 4545 1281 4579 ‚em

294 4600 349 4661 ltu»
362 4604 474 4654 Μαι-ἰοὶ
485 4606 624 4656 mbstsnoe.
