<?xml version="1.0" encoding="UTF-8"?>
<!DOCTYPE html PUBLIC "-//W3C//DTD XHTML 1.0 Transitional//EN"
    "http://www.w3.org/TR/xhtml1/DTD/xhtml1-transitional.dtd">
<html xmlns="http://www.w3.org/1999/xhtml" xml:lang="en" lang="en">
 <head>
  <title>
</title>
<meta http-equiv="Content-Type" content="text/html;charset=utf-8" />
  <meta name='ocr-system' content='tesseract 3.04.00' />
  <meta name='ocr-capabilities' content='ocr_page ocr_carea ocr_par ocr_line ocrx_word'/>
</head>
<body>
  <div class='ocr_page' id='page_1' title='image "./sanctiirenilibr01irengoog_0513.png"; bbox 0 0 3225 5184; ppageno 0'>
   <div class='ocr_carea' id='block_1_1' title="bbox 557 333 1318 401">
    <p class='ocr_par' dir='ltr' id='par_1_1' title="bbox 557 333 1318 401">
     <span class='ocr_line' id='line_1_1' title="bbox 557 333 1318 401; baseline 0 -2"><span class='ocrx_word' id='word_1_1' title='bbox 557 346 937 401; x_wconf 76' lang='lat' dir='ltr'>CONSUBSTAN&#39;I&#39;IALIS.</span> <span class='ocrx_word' id='word_1_2' title='bbox 1250 333 1318 399; x_wconf 81' lang='grc'>315</span> 
     </span>
    </p>
   </div>
   <div class='ocr_carea' id='block_1_2' title="bbox 159 495 1480 1513">
    <p class='ocr_par' dir='ltr' id='par_1_2' title="bbox 160 495 1480 893">
     <span class='ocr_line' id='line_1_2' title="bbox 162 495 1480 607; baseline 0.004 -48"><span class='ocrx_word' id='word_1_3' title='bbox 162 503 195 560; x_wconf 90' lang='lat' dir='ltr'>et</span> <span class='ocrx_word' id='word_1_4' title='bbox 209 495 385 563; x_wconf 86' lang='lat' dir='ltr'>universum</span> <span class='ocrx_word' id='word_1_5' title='bbox 401 497 556 577; x_wconf 86' lang='lat' dir='ltr'>Pleroma,</span> <span class='ocrx_word' id='word_1_6' title='bbox 571 521 610 563; x_wconf 90' lang='lat' dir='ltr'>ex</span> <span class='ocrx_word' id='word_1_7' title='bbox 626 521 664 565; x_wconf 92' lang='lat' dir='ltr'>eo</span> <span class='ocrx_word' id='word_1_8' title='bbox 678 499 811 565; x_wconf 82' lang='lat' dir='ltr'>emissus</span> <span class='ocrx_word' id='word_1_9' title='bbox 831 498 943 565; x_wconf 85' lang='lat' dir='ltr'>luisset</span> <span class='ocrx_word' id='word_1_10' title='bbox 963 499 1014 566; x_wconf 91' lang='lat' dir='ltr'>hic</span> <span class='ocrx_word' id='word_1_11' title='bbox 1034 500 1136 578; x_wconf 85' lang='lat' dir='ltr'>AEon,</span> <span class='ocrx_word' id='word_1_12' title='bbox 1159 519 1317 585; x_wconf 89' lang='lat' dir='ltr'>nunquam</span> <span class='ocrx_word' id='word_1_13' title='bbox 1329 520 1480 607; x_wconf 53' lang='lat' dir='ltr'>pgalpmg.</span> 
     </span>
     <span class='ocr_line' id='line_1_3' title="bbox 162 580 1463 700; baseline 0.005 -38"><span class='ocrx_word' id='word_1_14' title='bbox 162 599 405 666; x_wconf 78' lang='lat' dir='ltr'><strong>demutationem</strong></span> <span class='ocrx_word' id='word_1_15' title='bbox 417 602 597 688; x_wconf 79' lang='lat' dir='ltr'>perciperet,</span> <span class='ocrx_word' id='word_1_16' title='bbox 611 612 774 669; x_wconf 86' lang='lat' dir='ltr'>comesset</span> <span class='ocrx_word' id='word_1_17' title='bbox 788 603 822 668; x_wconf 92' lang='lat' dir='ltr'>in</span> <span class='ocrx_word' id='word_1_18' title='bbox 835 604 988 669; x_wconf 78' lang='lat' dir='ltr'>similibus</span> <span class='ocrx_word' id='word_1_19' title='bbox 1000 610 1034 669; x_wconf 90' lang='lat' dir='ltr'>et</span> <span class='ocrx_word' id='word_1_20' title='bbox 1046 603 1180 668; x_wconf 77' lang='lat' dir='ltr'>assuetis</span> <span class='ocrx_word' id='word_1_21' title='bbox 1193 624 1318 668; x_wconf 87' lang='lat' dir='ltr'>conver·</span> <span class='ocrx_word' id='word_1_22' title='bbox 1346 580 1463 700; x_wconf 51' lang='lat' dir='ltr'>“gff-</span> 
     </span>
     <span class='ocr_line' id='line_1_4' title="bbox 161 703 1476 791; baseline 0.005 -25"><span class='ocrx_word' id='word_1_23' title='bbox 161 722 245 779; x_wconf 86' lang='lat' dir='ltr'>sans,</span> <span class='ocrx_word' id='word_1_24' title='bbox 269 703 416 789; x_wconf 88' lang='lat' dir='ltr'>spiritalis</span> <span class='ocrx_word' id='word_1_25' title='bbox 437 704 468 767; x_wconf 93' lang='lat' dir='ltr'>in</span> <span class='ocrx_word' id='word_1_26' title='bbox 490 705 689 791; x_wconf 65' lang='lat' dir='ltr'>spiritalibus.</span> <span class='ocrx_word' id='word_1_27' title='bbox 734 705 843 771; x_wconf 84' lang='lat' dir='ltr'>Timor</span> <span class='ocrx_word' id='word_1_28' title='bbox 863 706 947 771; x_wconf 90' lang='lat' dir='ltr'>enim</span> <span class='ocrx_word' id='word_1_29' title='bbox 968 713 1001 771; x_wconf 93' lang='lat' dir='ltr'>et</span> <span class='ocrx_word' id='word_1_30' title='bbox 1022 704 1268 791; x_wconf 85' lang='lat' dir='ltr'>expavescentia,</span> <span class='ocrx_word' id='word_1_31' title='bbox 1283 712 1317 771; x_wconf 88' lang='lat' dir='ltr'>et</span> <span class='ocrx_word' id='word_1_32' title='bbox 1328 733 1476 743; x_wconf 89' lang='grc'>--</span> 
     </span>
     <span class='ocr_line' id='line_1_5' title="bbox 160 805 1317 893; baseline 0.005 -25"><span class='ocrx_word' id='word_1_33' title='bbox 160 805 274 890; x_wconf 86' lang='lat' dir='ltr'>passio,</span> <span class='ocrx_word' id='word_1_34' title='bbox 285 815 318 870; x_wconf 91' lang='lat' dir='ltr'>et</span> <span class='ocrx_word' id='word_1_35' title='bbox 333 805 504 885; x_wconf 83' lang='lat' dir='ltr'>dissolutio,</span> <span class='ocrx_word' id='word_1_36' title='bbox 514 816 546 873; x_wconf 92' lang='lat' dir='ltr'>et</span> <span class='ocrx_word' id='word_1_37' title='bbox 560 807 645 885; x_wconf 89' lang='lat' dir='ltr'>talia,</span> <span class='ocrx_word' id='word_1_38' title='bbox 658 807 691 871; x_wconf 93' lang='lat' dir='ltr'>in</span> <span class='ocrx_word' id='word_1_39' title='bbox 705 807 754 873; x_wconf 92' lang='lat' dir='ltr'>his</span> <span class='ocrx_word' id='word_1_40' title='bbox 768 808 894 892; x_wconf 91' lang='lat' dir='ltr'>quidem</span> <span class='ocrx_word' id='word_1_41' title='bbox 904 831 974 893; x_wconf 86' lang='lat' dir='ltr'>quae</span> <span class='ocrx_word' id='word_1_42' title='bbox 988 816 1063 873; x_wconf 89' lang='lat' dir='ltr'>sunt</span> <span class='ocrx_word' id='word_1_43' title='bbox 1073 808 1244 873; x_wconf 91' lang='lat' dir='ltr'>secundum</span> <span class='ocrx_word' id='word_1_44' title='bbox 1259 830 1317 874; x_wconf 93' lang='lat' dir='ltr'>nos</span> 
     </span>
    </p>

    <p class='ocr_par' dir='ltr' id='par_1_3' title="bbox 161 910 1317 997">
     <span class='ocr_line' id='line_1_6' title="bbox 161 910 1317 997; baseline 0.004 -25"><span class='ocrx_word' id='word_1_45' title='bbox 161 916 194 972; x_wconf 88' lang='lat' dir='ltr'>et</span> <span class='ocrx_word' id='word_1_46' title='bbox 208 910 417 995; x_wconf 81' lang='lat' dir='ltr'>corporalibus</span> <span class='ocrx_word' id='word_1_47' title='bbox 431 910 571 975; x_wconf 81' lang='lat' dir='ltr'>fortassis</span> <span class='ocrx_word' id='word_1_48' title='bbox 585 911 663 975; x_wconf 89' lang='lat' dir='ltr'>liant</span> <span class='ocrx_word' id='word_1_49' title='bbox 677 932 698 975; x_wconf 91' lang='lat' dir='ltr'>a</span> <span class='ocrx_word' id='word_1_50' title='bbox 712 911 892 975; x_wconf 81' lang='lat' dir='ltr'>contrariis:</span> <span class='ocrx_word' id='word_1_51' title='bbox 916 910 949 973; x_wconf 93' lang='lat' dir='ltr'>in</span> <span class='ocrx_word' id='word_1_52' title='bbox 962 910 1151 997; x_wconf 83' lang='lat' dir='ltr'>spiritalibus</span> <span class='ocrx_word' id='word_1_53' title='bbox 1163 920 1270 977; x_wconf 90' lang='lat' dir='ltr'>autem</span> <span class='ocrx_word' id='word_1_54' title='bbox 1283 919 1317 977; x_wconf 88' lang='lat' dir='ltr'>ct</span> 
     </span>
    </p>

    <p class='ocr_par' dir='ltr' id='par_1_4' title="bbox 160 1011 1317 1099">
     <span class='ocr_line' id='line_1_7' title="bbox 160 1011 1317 1099; baseline 0.005 -24"><span class='ocrx_word' id='word_1_55' title='bbox 160 1011 304 1077; x_wconf 87' lang='lat' dir='ltr'>diffusum</span> <span class='ocrx_word' id='word_1_56' title='bbox 316 1012 502 1080; x_wconf 83' lang='lat' dir='ltr'>habentibus</span> <span class='ocrx_word' id='word_1_57' title='bbox 510 1014 624 1091; x_wconf 89' lang='lat' dir='ltr'>lumen,</span> <span class='ocrx_word' id='word_1_58' title='bbox 634 1014 700 1098; x_wconf 89' lang='lat' dir='ltr'>jam</span> <span class='ocrx_word' id='word_1_59' title='bbox 709 1034 772 1078; x_wconf 89' lang='lat' dir='ltr'>non</span> <span class='ocrx_word' id='word_1_60' title='bbox 783 1012 864 1078; x_wconf 85' lang='lat' dir='ltr'>tales</span> <span class='ocrx_word' id='word_1_61' title='bbox 872 1022 1103 1099; x_wconf 90' lang='lat' dir='ltr'>consequuntur</span> <span class='ocrx_word' id='word_1_62' title='bbox 1111 1013 1317 1081; x_wconf 85' lang='lat' dir='ltr'>calamitates.</span> 
     </span>
    </p>

    <p class='ocr_par' dir='ltr' id='par_1_5' title="bbox 162 1113 1316 1203">
     <span class='ocr_line' id='line_1_8' title="bbox 162 1113 1316 1203; baseline 0.004 -25"><span class='ocrx_word' id='word_1_63' title='bbox 162 1113 224 1179; x_wconf 87' lang='lat' dir='ltr'>Sed</span> <span class='ocrx_word' id='word_1_64' title='bbox 239 1115 314 1179; x_wconf 91' lang='lat' dir='ltr'>mihi</span> <span class='ocrx_word' id='word_1_65' title='bbox 329 1116 471 1181; x_wconf 86' lang='lat' dir='ltr'>videntur</span> <span class='ocrx_word' id='word_1_66' title='bbox 485 1119 553 1203; x_wconf 87' lang='lat' dir='ltr'>ejus</span> <span class='ocrx_word' id='word_1_67' title='bbox 566 1116 752 1203; x_wconf 84' lang='lat' dir='ltr'>passionem,</span> <span class='ocrx_word' id='word_1_68' title='bbox 768 1116 821 1201; x_wconf 92' lang='lat' dir='ltr'>qui</span> <span class='ocrx_word' id='word_1_69' title='bbox 835 1123 885 1181; x_wconf 90' lang='lat' dir='ltr'>est</span> <span class='ocrx_word' id='word_1_70' title='bbox 895 1115 978 1203; x_wconf 89' lang='lat' dir='ltr'>apud</span> <span class='ocrx_word' id='word_1_71' title='bbox 994 1116 1155 1182; x_wconf 83' lang='lat' dir='ltr'>Comicum</span> <span class='ocrx_word' id='word_1_72' title='bbox 1167 1117 1316 1183; x_wconf 88' lang='lat' dir='ltr'>¹Menan·</span> 
     </span>
    </p>

    <p class='ocr_par' dir='ltr' id='par_1_6' title="bbox 161 1217 1318 1309">
     <span class='ocr_line' id='line_1_9' title="bbox 161 1217 1318 1309; baseline 0.003 -29"><span class='ocrx_word' id='word_1_73' title='bbox 161 1217 250 1281; x_wconf 89' lang='lat' dir='ltr'>drum</span> <span class='ocrx_word' id='word_1_74' title='bbox 271 1218 360 1285; x_wconf 91' lang='lat' dir='ltr'>valde</span> <span class='ocrx_word' id='word_1_75' title='bbox 376 1241 486 1284; x_wconf 90' lang='lat' dir='ltr'>amans</span> <span class='ocrx_word' id='word_1_76' title='bbox 505 1228 537 1284; x_wconf 88' lang='lat' dir='ltr'>et</span> <span class='ocrx_word' id='word_1_77' title='bbox 559 1218 691 1295; x_wconf 90' lang='lat' dir='ltr'>odibilis,</span> <span class='ocrx_word' id='word_1_78' title='bbox 712 1219 815 1283; x_wconf 90' lang='lat' dir='ltr'>AEoni</span> <span class='ocrx_word' id='word_1_79' title='bbox 836 1239 893 1283; x_wconf 94' lang='lat' dir='ltr'>suo</span> <span class='ocrx_word' id='word_1_80' title='bbox 915 1218 1165 1285; x_wconf 91' lang='lat' dir='ltr'>circumdedisse.</span> <span class='ocrx_word' id='word_1_81' title='bbox 1209 1220 1318 1309; x_wconf 85' lang='lat' dir='ltr'>Magis</span> 
     </span>
    </p>

    <p class='ocr_par' dir='ltr' id='par_1_7' title="bbox 160 1320 1317 1407">
     <span class='ocr_line' id='line_1_10' title="bbox 160 1320 1317 1407; baseline 0.003 -22"><span class='ocrx_word' id='word_1_82' title='bbox 160 1320 243 1385; x_wconf 92' lang='lat' dir='ltr'>enim</span> <span class='ocrx_word' id='word_1_83' title='bbox 272 1321 434 1387; x_wconf 80' lang='lat' dir='ltr'>infeliciter</span> <span class='ocrx_word' id='word_1_84' title='bbox 456 1322 591 1387; x_wconf 89' lang='lat' dir='ltr'>amantis</span> <span class='ocrx_word' id='word_1_85' title='bbox 619 1322 781 1407; x_wconf 88' lang='lat' dir='ltr'>cujusdam</span> <span class='ocrx_word' id='word_1_86' title='bbox 807 1321 943 1387; x_wconf 89' lang='lat' dir='ltr'>hominis</span> <span class='ocrx_word' id='word_1_87' title='bbox 969 1322 1257 1407; x_wconf 84' lang='lat' dir='ltr'>apprehensionem,</span> <span class='ocrx_word' id='word_1_88' title='bbox 1283 1331 1317 1389; x_wconf 88' lang='lat' dir='ltr'>et</span> 
     </span>
    </p>

    <p class='ocr_par' dir='ltr' id='par_1_8' title="bbox 159 1424 1407 1513">
     <span class='ocr_line' id='line_1_11' title="bbox 159 1424 1407 1513; baseline 0.009 -26"><span class='ocrx_word' id='word_1_89' title='bbox 159 1424 274 1489; x_wconf 90' lang='lat' dir='ltr'>mentis</span> <span class='ocrx_word' id='word_1_90' title='bbox 287 1424 521 1509; x_wconf 82' lang='lat' dir='ltr'>conceptionem</span> <span class='ocrx_word' id='word_1_91' title='bbox 535 1425 719 1504; x_wconf 89' lang='lat' dir='ltr'>habuerunt,</span> <span class='ocrx_word' id='word_1_92' title='bbox 733 1424 786 1510; x_wconf 91' lang='lat' dir='ltr'>qui</span> <span class='ocrx_word' id='word_1_93' title='bbox 801 1425 870 1491; x_wconf 80' lang='lat' dir='ltr'>baec</span> <span class='ocrx_word' id='word_1_94' title='bbox 880 1426 1049 1506; x_wconf 85' lang='lat' dir='ltr'>finxenmt,</span> <span class='ocrx_word' id='word_1_95' title='bbox 1061 1446 1155 1511; x_wconf 86' lang='lat' dir='ltr'>quam</span> <span class='ocrx_word' id='word_1_96' title='bbox 1169 1426 1317 1513; x_wconf 87' lang='lat' dir='ltr'>spiritalis</span> <span class='ocrx_word' id='word_1_97' title='bbox 1398 1479 1407 1498; x_wconf 87' lang='lat'><em>.</em></span> 
     </span>
    </p>
   </div>
   <div class='ocr_carea' id='block_1_3' title="bbox 159 1526 525 1595">
    <p class='ocr_par' dir='ltr' id='par_1_9' title="bbox 159 1526 525 1595">
     <span class='ocr_line' id='line_1_12' title="bbox 159 1526 525 1595; baseline 0.005 -2"><span class='ocrx_word' id='word_1_98' title='bbox 159 1535 192 1593; x_wconf 87' lang='lat' dir='ltr'>et</span> <span class='ocrx_word' id='word_1_99' title='bbox 206 1526 317 1592; x_wconf 76' lang='lat' dir='ltr'>divinae</span> <span class='ocrx_word' id='word_1_100' title='bbox 331 1528 525 1595; x_wconf 73' lang='lat' dir='ltr'>substantiae.</span> 
     </span>
    </p>
   </div>
   <div class='ocr_carea' id='block_1_4' title="bbox 604 1741 871 1809">
    <p class='ocr_par' dir='ltr' id='par_1_10' title="bbox 604 1741 871 1809">
     <span class='ocr_line' id='line_1_13' title="bbox 604 1741 871 1809; baseline 0 -1"><span class='ocrx_word' id='word_1_101' title='bbox 604 1742 705 1809; x_wconf 82' lang='lat' dir='ltr'><strong>OAP.</strong></span> <span class='ocrx_word' id='word_1_102' title='bbox 728 1741 871 1808; x_wconf 87' lang='lat' dir='ltr'>XXVI.</span> 
     </span>
    </p>
   </div>
   <div class='ocr_carea' id='block_1_5' title="bbox 163 1887 1316 2227">
    <p class='ocr_par' dir='ltr' id='par_1_11' title="bbox 163 1887 1316 2227">
     <span class='ocr_line' id='line_1_14' title="bbox 163 1887 1316 1991; baseline 0.004 -27"><span class='ocrx_word' id='word_1_103' title='bbox 163 1890 347 1983; x_wconf 79' lang='lat' dir='ltr'>Quoniam</span> <span class='ocrx_word' id='word_1_104' title='bbox 370 1889 503 1965; x_wconf 80' lang='lat' dir='ltr'>Putris</span> <span class='ocrx_word' id='word_1_105' title='bbox 523 1888 712 1989; x_wconf 76' lang='lat' dir='ltr'>acquisitio</span> <span class='ocrx_word' id='word_1_106' title='bbox 734 1903 767 1965; x_wconf 86' lang='lat' dir='ltr'>et</span> <span class='ocrx_word' id='word_1_107' title='bbox 792 1887 1023 1989; x_wconf 73' lang='lat' dir='ltr'>investigatio</span> <span class='ocrx_word' id='word_1_108' title='bbox 1049 1890 1316 1991; x_wconf 66' lang='lat' dir='ltr'>magnitudinis</span> 
     </span>
     <span class='ocr_line' id='line_1_15' title="bbox 235 2007 1315 2111; baseline 0.005 -28"><span class='ocrx_word' id='word_1_109' title='bbox 235 2011 318 2107; x_wconf 75' lang='lat' dir='ltr'>ep&#39;us,</span> <span class='ocrx_word' id='word_1_110' title='bbox 337 2036 448 2108; x_wconf 80' lang='lat' dir='ltr'>oeque</span> <span class='ocrx_word' id='word_1_111' title='bbox 471 2007 677 2107; x_wconf 80' lang='lat' dir='ltr'>passionem</span> <span class='ocrx_word' id='word_1_112' title='bbox 700 2035 813 2107; x_wconf 80' lang='lat' dir='ltr'>neque</span> <span class='ocrx_word' id='word_1_113' title='bbox 835 2008 963 2102; x_wconf 69' lang='lat' dir='ltr'>todem</span> <span class='ocrx_word' id='word_1_114' title='bbox 986 2008 1051 2085; x_wconf 78' lang='lat' dir='ltr'>sut</span> <span class='ocrx_word' id='word_1_115' title='bbox 1075 2024 1210 2087; x_wconf 76' lang='lat' dir='ltr'>uatum</span> <span class='ocrx_word' id='word_1_116' title='bbox 1231 2038 1315 2111; x_wconf 80' lang='lat' dir='ltr'>per-</span> 
     </span>
     <span class='ocr_line' id='line_1_16' title="bbox 216 2125 970 2227; baseline 0 -26"><span class='ocrx_word' id='word_1_117' title='bbox 216 2126 392 2226; x_wconf 78' lang='lat' dir='ltr'>fectionis</span> <span class='ocrx_word' id='word_1_118' title='bbox 396 2127 563 2227; x_wconf 76' lang='lat' dir='ltr'>faciebat</span> <span class='ocrx_word' id='word_1_119' title='bbox 582 2126 622 2201; x_wconf 78' lang='lat' dir='ltr'>ic</span> <span class='ocrx_word' id='word_1_120' title='bbox 638 2126 768 2204; x_wconf 81' lang='lat' dir='ltr'>AEouc.</span> <span class='ocrx_word' id='word_1_121' title='bbox 966 2125 970 2131; x_wconf 71' lang='grc'><strong>’</strong></span> 
     </span>
    </p>
   </div>
   <div class='ocr_carea' id='block_1_6' title="bbox 118 2292 1316 3715">
    <p class='ocr_par' dir='ltr' id='par_1_12' title="bbox 118 2292 1316 3715">
     <span class='ocr_line' id='line_1_17' title="bbox 161 2292 1315 2380; baseline -0.001 -21"><span class='ocrx_word' id='word_1_122' title='bbox 161 2294 275 2359; x_wconf 71' lang='lat' dir='ltr'>Suana</span> <span class='ocrx_word' id='word_1_123' title='bbox 297 2293 365 2359; x_wconf 84' lang='lat' dir='ltr'>haec</span> <span class='ocrx_word' id='word_1_124' title='bbox 387 2315 509 2378; x_wconf 88' lang='lat' dir='ltr'>quoque</span> <span class='ocrx_word' id='word_1_125' title='bbox 528 2292 707 2380; x_wconf 88' lang='lat' dir='ltr'>excogitare</span> <span class='ocrx_word' id='word_1_126' title='bbox 731 2293 770 2357; x_wconf 91' lang='lat' dir='ltr'>de</span> <span class='ocrx_word' id='word_1_127' title='bbox 792 2292 960 2377; x_wconf 81' lang='lat' dir='ltr'>quaerendo</span> <span class='ocrx_word' id='word_1_128' title='bbox 982 2293 1154 2377; x_wconf 87' lang='lat' dir='ltr'>perlectum</span> <span class='ocrx_word' id='word_1_129' title='bbox 1175 2294 1315 2372; x_wconf 89' lang='lat' dir='ltr'>Patrem,</span> 
     </span>
     <span class='ocr_line' id='line_1_18' title="bbox 118 2396 1316 2482; baseline 0.002 -22"><span class='ocrx_word' id='word_1_130' title='bbox 118 2465 119 2472; x_wconf 45' lang='lat'>,</span> <span class='ocrx_word' id='word_1_131' title='bbox 158 2404 192 2461; x_wconf 86' lang='lat' dir='ltr'>at</span> <span class='ocrx_word' id='word_1_132' title='bbox 216 2396 293 2460; x_wconf 87' lang='lat' dir='ltr'>velle</span> <span class='ocrx_word' id='word_1_133' title='bbox 317 2396 398 2460; x_wconf 91' lang='lat' dir='ltr'>intra</span> <span class='ocrx_word' id='word_1_134' title='bbox 422 2418 494 2460; x_wconf 90' lang='lat' dir='ltr'>eum</span> <span class='ocrx_word' id='word_1_135' title='bbox 523 2396 600 2473; x_wconf 89' lang='lat' dir='ltr'>fieri,</span> <span class='ocrx_word' id='word_1_136' title='bbox 624 2404 657 2460; x_wconf 92' lang='lat' dir='ltr'>et</span> <span class='ocrx_word' id='word_1_137' title='bbox 685 2396 799 2460; x_wconf 89' lang='lat' dir='ltr'>habere</span> <span class='ocrx_word' id='word_1_138' title='bbox 822 2398 891 2482; x_wconf 92' lang='lat' dir='ltr'>ejus</span> <span class='ocrx_word' id='word_1_139' title='bbox 912 2396 1228 2479; x_wconf 89' lang='lat' dir='ltr'>comprehensionem,</span> <span class='ocrx_word' id='word_1_140' title='bbox 1252 2418 1316 2462; x_wconf 91' lang='lat' dir='ltr'>non</span> 
     </span>
     <span class='ocr_line' id='line_1_19' title="bbox 157 2496 1314 2585; baseline 0.003 -24"><span class='ocrx_word' id='word_1_141' title='bbox 157 2500 363 2585; x_wconf 85' lang='lat' dir='ltr'>ignorantiam</span> <span class='ocrx_word' id='word_1_142' title='bbox 379 2521 436 2563; x_wconf 91' lang='lat' dir='ltr'>nec</span> <span class='ocrx_word' id='word_1_143' title='bbox 451 2499 626 2583; x_wconf 87' lang='lat' dir='ltr'>passionem</span> <span class='ocrx_word' id='word_1_144' title='bbox 641 2505 763 2582; x_wconf 90' lang='lat' dir='ltr'>poterat</span> <span class='ocrx_word' id='word_1_145' title='bbox 778 2496 913 2573; x_wconf 90' lang='lat' dir='ltr'>inlicere,</span> <span class='ocrx_word' id='word_1_146' title='bbox 925 2505 958 2561; x_wconf 91' lang='lat' dir='ltr'>et</span> <span class='ocrx_word' id='word_1_147' title='bbox 972 2498 1032 2562; x_wconf 91' lang='lat' dir='ltr'>hoc</span> <span class='ocrx_word' id='word_1_148' title='bbox 1047 2499 1148 2562; x_wconf 88' lang='lat' dir='ltr'>AEoni</span> <span class='ocrx_word' id='word_1_149' title='bbox 1162 2497 1314 2583; x_wconf 85' lang='lat' dir='ltr'>spiritali;</span> 
     </span>
     <span class='ocr_line' id='line_1_20' title="bbox 157 2598 1316 2688; baseline 0 -22"><span class='ocrx_word' id='word_1_150' title='bbox 157 2603 213 2666; x_wconf 90' lang='lat' dir='ltr'>sed</span> <span class='ocrx_word' id='word_1_151' title='bbox 227 2602 327 2688; x_wconf 89' lang='lat' dir='ltr'>magis</span> <span class='ocrx_word' id='word_1_152' title='bbox 342 2600 562 2685; x_wconf 83' lang='lat' dir='ltr'>perlectionem</span> <span class='ocrx_word' id='word_1_153' title='bbox 574 2609 607 2665; x_wconf 88' lang='lat' dir='ltr'>et</span> <span class='ocrx_word' id='word_1_154' title='bbox 616 2599 895 2685; x_wconf 90' lang='lat' dir='ltr'>impassibilitatem</span> <span class='ocrx_word' id='word_1_155' title='bbox 908 2607 942 2663; x_wconf 91' lang='lat' dir='ltr'>et</span> <span class='ocrx_word' id='word_1_156' title='bbox 953 2598 1125 2666; x_wconf 87' lang='lat' dir='ltr'>veritatem.</span> <span class='ocrx_word' id='word_1_157' title='bbox 1149 2599 1218 2665; x_wconf 88' lang='lat' dir='ltr'>Nec</span> <span class='ocrx_word' id='word_1_158' title='bbox 1232 2602 1316 2666; x_wconf 87' lang='lat' dir='ltr'>eninr</span> 
     </span>
     <span class='ocr_line' id='line_1_21' title="bbox 158 2702 1316 2790; baseline 0.003 -23"><span class='ocrx_word' id='word_1_159' title='bbox 158 2704 227 2789; x_wconf 92' lang='lat' dir='ltr'>ipsi,</span> <span class='ocrx_word' id='word_1_160' title='bbox 245 2727 316 2769; x_wconf 90' lang='lat' dir='ltr'>cum</span> <span class='ocrx_word' id='word_1_161' title='bbox 337 2705 400 2769; x_wconf 90' lang='lat' dir='ltr'>sint</span> <span class='ocrx_word' id='word_1_162' title='bbox 415 2704 567 2782; x_wconf 89' lang='lat' dir='ltr'>homines,</span> <span class='ocrx_word' id='word_1_163' title='bbox 583 2704 799 2790; x_wconf 87' lang='lat' dir='ltr'>excogitantes</span> <span class='ocrx_word' id='word_1_164' title='bbox 818 2703 857 2767; x_wconf 89' lang='lat' dir='ltr'>de</span> <span class='ocrx_word' id='word_1_165' title='bbox 875 2723 913 2767; x_wconf 92' lang='lat' dir='ltr'>eo</span> <span class='ocrx_word' id='word_1_166' title='bbox 933 2702 986 2787; x_wconf 88' lang='lat' dir='ltr'>qui</span> <span class='ocrx_word' id='word_1_167' title='bbox 1006 2710 1081 2767; x_wconf 91' lang='lat' dir='ltr'>ante</span> <span class='ocrx_word' id='word_1_168' title='bbox 1100 2703 1186 2789; x_wconf 87' lang='lat' dir='ltr'>ipsos</span> <span class='ocrx_word' id='word_1_169' title='bbox 1204 2711 1264 2784; x_wconf 89' lang='lat' dir='ltr'>est,</span> <span class='ocrx_word' id='word_1_170' title='bbox 1282 2713 1316 2771; x_wconf 91' lang='lat' dir='ltr'>et</span> 
     </span>
     <span class='ocr_line' id='line_1_22' title="bbox 157 2805 1316 2896; baseline -0.001 -24"><span class='ocrx_word' id='word_1_171' title='bbox 157 2809 242 2873; x_wconf 89' lang='lat' dir='ltr'>velut</span> <span class='ocrx_word' id='word_1_172' title='bbox 252 2811 318 2894; x_wconf 87' lang='lat' dir='ltr'>jam</span> <span class='ocrx_word' id='word_1_173' title='bbox 330 2808 626 2892; x_wconf 90' lang='lat' dir='ltr'>comprehendentes</span> <span class='ocrx_word' id='word_1_174' title='bbox 636 2807 818 2891; x_wconf 87' lang='lat' dir='ltr'>perlectum,</span> <span class='ocrx_word' id='word_1_175' title='bbox 832 2812 864 2871; x_wconf 91' lang='lat' dir='ltr'>et</span> <span class='ocrx_word' id='word_1_176' title='bbox 876 2805 958 2870; x_wconf 91' lang='lat' dir='ltr'>intra</span> <span class='ocrx_word' id='word_1_177' title='bbox 971 2806 1040 2892; x_wconf 88' lang='lat' dir='ltr'>ejus</span> <span class='ocrx_word' id='word_1_178' title='bbox 1054 2808 1217 2873; x_wconf 88' lang='lat' dir='ltr'>constituti</span> <span class='ocrx_word' id='word_1_179' title='bbox 1226 2810 1316 2896; x_wconf 83' lang='lat' dir='ltr'>agni·</span> 
     </span>
     <span class='ocr_line' id='line_1_23' title="bbox 157 2906 1315 2999; baseline 0.002 -24"><span class='ocrx_word' id='word_1_180' title='bbox 157 2910 285 2989; x_wconf 90' lang='lat' dir='ltr'>tionem,</span> <span class='ocrx_word' id='word_1_181' title='bbox 306 2911 413 2977; x_wconf 90' lang='lat' dir='ltr'>dicunt</span> <span class='ocrx_word' id='word_1_182' title='bbox 427 2910 611 2995; x_wconf 86' lang='lat' dir='ltr'>semetipsos</span> <span class='ocrx_word' id='word_1_183' title='bbox 625 2906 740 2999; x_wconf 79' lang='lat' dir='ltr'>²[non]</span> <span class='ocrx_word' id='word_1_184' title='bbox 758 2910 789 2972; x_wconf 92' lang='lat' dir='ltr'>in</span> <span class='ocrx_word' id='word_1_185' title='bbox 804 2909 948 2994; x_wconf 87' lang='lat' dir='ltr'>passione</span> <span class='ocrx_word' id='word_1_186' title='bbox 963 2910 1222 2977; x_wconf 87' lang='lat' dir='ltr'>consternationis</span> <span class='ocrx_word' id='word_1_187' title='bbox 1236 2933 1315 2991; x_wconf 87' lang='lat' dir='ltr'>esse,</span> 
     </span>
     <span class='ocr_line' id='line_1_24' title="bbox 157 3011 1315 3101; baseline 0 -23"><span class='ocrx_word' id='word_1_188' title='bbox 157 3014 212 3078; x_wconf 90' lang='lat' dir='ltr'>sed</span> <span class='ocrx_word' id='word_1_189' title='bbox 224 3014 324 3101; x_wconf 86' lang='lat' dir='ltr'>magis</span> <span class='ocrx_word' id='word_1_190' title='bbox 339 3014 370 3077; x_wconf 91' lang='lat' dir='ltr'>in</span> <span class='ocrx_word' id='word_1_191' title='bbox 384 3012 541 3101; x_wconf 84' lang='lat' dir='ltr'>agnitione</span> <span class='ocrx_word' id='word_1_192' title='bbox 552 3022 584 3077; x_wconf 92' lang='lat' dir='ltr'>et</span> <span class='ocrx_word' id='word_1_193' title='bbox 595 3012 838 3097; x_wconf 89' lang='lat' dir='ltr'>apprehensione</span> <span class='ocrx_word' id='word_1_194' title='bbox 852 3011 1002 3077; x_wconf 85' lang='lat' dir='ltr'>veritatis.</span> <span class='ocrx_word' id='word_1_195' title='bbox 1036 3012 1164 3077; x_wconf 88' lang='lat' dir='ltr'>Etenim</span> <span class='ocrx_word' id='word_1_196' title='bbox 1175 3013 1315 3079; x_wconf 84' lang='lat' dir='ltr'>Salvato-</span> 
     </span>
     <span class='ocr_line' id='line_1_25' title="bbox 157 3112 1316 3198; baseline 0.003 -20"><span class='ocrx_word' id='word_1_197' title='bbox 157 3137 234 3193; x_wconf 90' lang='lat' dir='ltr'>rem,</span> <span class='ocrx_word' id='word_1_198' title='bbox 247 3116 389 3195; x_wconf 66' lang='lat' dir='ltr'>Quaerite,</span> <span class='ocrx_word' id='word_1_199' title='bbox 402 3125 430 3181; x_wconf 81' lang='lat' dir='ltr'>et</span> <span class='ocrx_word' id='word_1_200' title='bbox 444 3116 614 3193; x_wconf 76' lang='lat' dir='ltr'>invenietis,</span> <span class='ocrx_word' id='word_1_201' title='bbox 629 3112 788 3197; x_wconf 90' lang='lat' dir='ltr'>discipulis</span> <span class='ocrx_word' id='word_1_202' title='bbox 801 3120 929 3198; x_wconf 90' lang='lat' dir='ltr'>propter</span> <span class='ocrx_word' id='word_1_203' title='bbox 942 3113 1003 3178; x_wconf 91' lang='lat' dir='ltr'>hoc</span> <span class='ocrx_word' id='word_1_204' title='bbox 1017 3114 1133 3179; x_wconf 85' lang='lat' dir='ltr'>dixisse</span> <span class='ocrx_word' id='word_1_205' title='bbox 1148 3114 1266 3193; x_wconf 91' lang='lat' dir='ltr'>dicunt,</span> <span class='ocrx_word' id='word_1_206' title='bbox 1279 3122 1316 3181; x_wconf 88' lang='lat' dir='ltr'>ut</span> 
     </span>
     <span class='ocr_line' id='line_1_26' title="bbox 157 3216 1315 3303; baseline 0 -20"><span class='ocrx_word' id='word_1_207' title='bbox 157 3240 238 3297; x_wconf 89' lang='lat' dir='ltr'>eum,</span> <span class='ocrx_word' id='word_1_208' title='bbox 255 3219 306 3303; x_wconf 93' lang='lat' dir='ltr'>qui</span> <span class='ocrx_word' id='word_1_209' title='bbox 323 3220 364 3283; x_wconf 90' lang='lat' dir='ltr'>ab</span> <span class='ocrx_word' id='word_1_210' title='bbox 379 3218 454 3303; x_wconf 90' lang='lat' dir='ltr'>ipsis</span> <span class='ocrx_word' id='word_1_211' title='bbox 473 3240 529 3302; x_wconf 92' lang='lat' dir='ltr'>per</span> <span class='ocrx_word' id='word_1_212' title='bbox 542 3216 803 3303; x_wconf 87' lang='lat' dir='ltr'>excogitationem</span> <span class='ocrx_word' id='word_1_213' title='bbox 818 3217 911 3281; x_wconf 87' lang='lat' dir='ltr'>fictus</span> <span class='ocrx_word' id='word_1_214' title='bbox 924 3224 973 3281; x_wconf 89' lang='lat' dir='ltr'>est</span> <span class='ocrx_word' id='word_1_215' title='bbox 987 3237 1082 3301; x_wconf 90' lang='lat' dir='ltr'>super</span> <span class='ocrx_word' id='word_1_216' title='bbox 1095 3216 1315 3283; x_wconf 76' lang='lat' dir='ltr'>fabricatorem</span> 
     </span>
     <span class='ocr_line' id='line_1_27' title="bbox 157 3320 1316 3406; baseline 0.001 -21"><span class='ocrx_word' id='word_1_217' title='bbox 157 3322 305 3400; x_wconf 90' lang='lat' dir='ltr'>omniurn,</span> <span class='ocrx_word' id='word_1_218' title='bbox 322 3322 556 3388; x_wconf 89' lang='lat' dir='ltr'>inenarrabilem</span> <span class='ocrx_word' id='word_1_219' title='bbox 572 3320 711 3406; x_wconf 83' lang='lat' dir='ltr'>Bythum</span> <span class='ocrx_word' id='word_1_220' title='bbox 731 3328 890 3404; x_wconf 84' lang='lat' dir='ltr'>quaerant:</span> <span class='ocrx_word' id='word_1_221' title='bbox 914 3326 947 3385; x_wconf 91' lang='lat' dir='ltr'>et</span> <span class='ocrx_word' id='word_1_222' title='bbox 960 3320 1147 3404; x_wconf 90' lang='lat' dir='ltr'>semetipsos</span> <span class='ocrx_word' id='word_1_223' title='bbox 1161 3321 1316 3404; x_wconf 87' lang='lat' dir='ltr'>perlectos</span> 
     </span>
     <span class='ocr_line' id='line_1_28' title="bbox 156 3422 1314 3509; baseline 0 -19"><span class='ocrx_word' id='word_1_224' title='bbox 156 3446 226 3490; x_wconf 88' lang='lat' dir='ltr'>esse</span> <span class='ocrx_word' id='word_1_225' title='bbox 240 3424 356 3504; x_wconf 85' lang='lat' dir='ltr'>volunt,</span> <span class='ocrx_word' id='word_1_226' title='bbox 369 3424 514 3509; x_wconf 92' lang='lat' dir='ltr'>quoniam</span> <span class='ocrx_word' id='word_1_227' title='bbox 529 3424 719 3509; x_wconf 87' lang='lat' dir='ltr'>inquirentes</span> <span class='ocrx_word' id='word_1_228' title='bbox 733 3423 916 3487; x_wconf 84' lang='lat' dir='ltr'>invenerunt</span> <span class='ocrx_word' id='word_1_229' title='bbox 930 3422 1110 3507; x_wconf 87' lang='lat' dir='ltr'>perlectum,</span> <span class='ocrx_word' id='word_1_230' title='bbox 1126 3444 1198 3488; x_wconf 91' lang='lat' dir='ltr'>cum</span> <span class='ocrx_word' id='word_1_231' title='bbox 1211 3422 1314 3490; x_wconf 85' lang='lat' dir='ltr'>adhuc</span> 
     </span>
     <span class='ocr_line' id='line_1_29' title="bbox 156 3524 1314 3611; baseline -0.001 -19"><span class='ocrx_word' id='word_1_232' title='bbox 156 3529 220 3593; x_wconf 87' lang='lat' dir='ltr'>sint</span> <span class='ocrx_word' id='word_1_233' title='bbox 241 3529 392 3593; x_wconf 88' lang='lat' dir='ltr'>interra:</span> <span class='ocrx_word' id='word_1_234' title='bbox 415 3548 488 3591; x_wconf 92' lang='lat' dir='ltr'>eum</span> <span class='ocrx_word' id='word_1_235' title='bbox 510 3535 615 3591; x_wconf 88' lang='lat' dir='ltr'>autem</span> <span class='ocrx_word' id='word_1_236' title='bbox 635 3526 687 3611; x_wconf 92' lang='lat' dir='ltr'>qui</span> <span class='ocrx_word' id='word_1_237' title='bbox 710 3526 791 3590; x_wconf 91' lang='lat' dir='ltr'>intra</span> <span class='ocrx_word' id='word_1_238' title='bbox 812 3524 958 3589; x_wconf 89' lang='lat' dir='ltr'>Pleroma</span> <span class='ocrx_word' id='word_1_239' title='bbox 978 3524 1021 3590; x_wconf 88' lang='lat' dir='ltr'>sit</span> <span class='ocrx_word' id='word_1_240' title='bbox 1042 3526 1193 3602; x_wconf 87' lang='lat' dir='ltr'>AEonem,</span> <span class='ocrx_word' id='word_1_241' title='bbox 1212 3533 1314 3591; x_wconf 92' lang='lat' dir='ltr'>totum</span> 
     </span>
     <span class='ocr_line' id='line_1_30' title="bbox 156 3625 1315 3715; baseline -0.002 -20"><span class='ocrx_word' id='word_1_242' title='bbox 156 3628 336 3715; x_wconf 84' lang='lat' dir='ltr'>spiritalem,</span> <span class='ocrx_word' id='word_1_243' title='bbox 361 3636 552 3715; x_wconf 76' lang='lat' dir='ltr'>quaerentem</span> <span class='ocrx_word' id='word_1_244' title='bbox 574 3628 790 3712; x_wconf 90' lang='lat' dir='ltr'>Propatorem,</span> <span class='ocrx_word' id='word_1_245' title='bbox 818 3635 851 3692; x_wconf 93' lang='lat' dir='ltr'>et</span> <span class='ocrx_word' id='word_1_246' title='bbox 873 3625 956 3692; x_wconf 89' lang='lat' dir='ltr'>intra</span> <span class='ocrx_word' id='word_1_247' title='bbox 978 3627 1225 3715; x_wconf 88' lang='lat' dir='ltr'>magnitudinem</span> <span class='ocrx_word' id='word_1_248' title='bbox 1246 3628 1315 3715; x_wconf 91' lang='lat' dir='ltr'>ejus</span> 
     </span>
    </p>
   </div>
   <div class='ocr_carea' id='block_1_7' title="bbox 153 3814 1314 4619">
    <p class='ocr_par' dir='ltr' id='par_1_13' title="bbox 153 3814 1314 4619">
     <span class='ocr_line' id='line_1_31' title="bbox 204 3814 1312 3879; baseline -0.003 -10"><span class='ocrx_word' id='word_1_249' title='bbox 204 3820 406 3871; x_wconf 79' lang='lat' dir='ltr'>¹Menuodrum,</span> <span class='ocrx_word' id='word_1_250' title='bbox 441 3820 563 3869; x_wconf 79' lang='lat' dir='ltr'>Gnnsrus</span> <span class='ocrx_word' id='word_1_251' title='bbox 582 3826 602 3868; x_wconf 88' lang='lat' dir='ltr'>ct</span> <span class='ocrx_word' id='word_1_252' title='bbox 620 3818 707 3868; x_wconf 79' lang='lat' dir='ltr'>Mass.</span> <span class='ocrx_word' id='word_1_253' title='bbox 759 3816 868 3879; x_wconf 69' lang='lat' dir='ltr'>augebat.</span> <span class='ocrx_word' id='word_1_254' title='bbox 898 3816 1015 3866; x_wconf 60' lang='lat' dir='ltr'>otniae.</span> <span class='ocrx_word' id='word_1_255' title='bbox 1032 3822 1054 3864; x_wconf 81' lang='lat' dir='ltr'>et</span> <span class='ocrx_word' id='word_1_256' title='bbox 1067 3814 1173 3865; x_wconf 82' lang='lat' dir='ltr'>Philem.</span> <span class='ocrx_word' id='word_1_257' title='bbox 1186 3815 1312 3878; x_wconf 77' lang='lat' dir='ltr'>Relipuic.</span> 
     </span>
     <span class='ocr_line' id='line_1_32' title="bbox 156 3894 1300 3964; baseline -0.002 -15"><span class='ocrx_word' id='word_1_258' title='bbox 156 3901 254 3964; x_wconf 80' lang='lat' dir='ltr'>aliquid</span> <span class='ocrx_word' id='word_1_259' title='bbox 271 3902 306 3949; x_wconf 84' lang='lat' dir='ltr'>ad</span> <span class='ocrx_word' id='word_1_260' title='bbox 322 3900 387 3950; x_wconf 78' lang='lat' dir='ltr'>hunc</span> <span class='ocrx_word' id='word_1_261' title='bbox 403 3900 480 3949; x_wconf 79' lang='lat' dir='ltr'>locum</span> <span class='ocrx_word' id='word_1_262' title='bbox 494 3900 616 3950; x_wconf 61' lang='lat' dir='ltr'>mamere</span> <span class='ocrx_word' id='word_1_263' title='bbox 629 3899 706 3949; x_wconf 66' lang='lat' dir='ltr'>nobb·</span> <span class='ocrx_word' id='word_1_264' title='bbox 760 3896 847 3947; x_wconf 82' lang='lat' dir='ltr'>Edidit</span> <span class='ocrx_word' id='word_1_265' title='bbox 857 3898 890 3947; x_wconf 78' lang='lat' dir='ltr'>A.</span> <span class='ocrx_word' id='word_1_266' title='bbox 903 3896 1028 3956; x_wconf 78' lang='lat' dir='ltr'>Meinelsa‚</span> <span class='ocrx_word' id='word_1_267' title='bbox 1042 3913 1068 3961; x_wconf 88' lang='lat' dir='ltr'>p.</span> <span class='ocrx_word' id='word_1_268' title='bbox 1085 3894 1139 3945; x_wconf 89' lang='grc'><strong>116.</strong></span> <span class='ocrx_word' id='word_1_269' title='bbox 1175 3896 1300 3947; x_wconf 67' lang='lat' dir='ltr'>Saltum</span> 
     </span>
     <span class='ocr_line' id='line_1_33' title="bbox 156 3977 1311 4045; baseline -0.002 -15"><span class='ocrx_word' id='word_1_270' title='bbox 156 3999 199 4045; x_wconf 69' lang='lat' dir='ltr'>pire</span> <span class='ocrx_word' id='word_1_271' title='bbox 207 3982 311 4044; x_wconf 84' lang='lat' dir='ltr'>prodere</span> <span class='ocrx_word' id='word_1_272' title='bbox 322 3980 512 4044; x_wconf 73' lang='lat' dir='ltr'>rupcrrederuat,</span> <span class='ocrx_word' id='word_1_273' title='bbox 526 3980 561 4029; x_wconf 83' lang='lat' dir='ltr'>od</span> <span class='ocrx_word' id='word_1_274' title='bbox 572 3996 645 4044; x_wconf 76' lang='lat' dir='ltr'>ortum</span> <span class='ocrx_word' id='word_1_275' title='bbox 655 3978 706 4028; x_wconf 84' lang='lat' dir='ltr'>Me·</span> <span class='ocrx_word' id='word_1_276' title='bbox 810 3978 821 4011; x_wconf 81' lang='lat'><strong>¹</strong></span> <span class='ocrx_word' id='word_1_277' title='bbox 836 3979 889 4028; x_wconf 81' lang='lat' dir='ltr'>&#39;l&#39;be</span> <span class='ocrx_word' id='word_1_278' title='bbox 901 3979 955 4039; x_wconf 76' lang='lat' dir='ltr'>(ln,</span> <span class='ocrx_word' id='word_1_279' title='bbox 965 3977 1113 4040; x_wconf 80' lang='lat' dir='ltr'>An.,Voss</span> <span class='ocrx_word' id='word_1_280' title='bbox 1126 3978 1176 4027; x_wconf 86' lang='lat' dir='ltr'>and</span> <span class='ocrx_word' id='word_1_281' title='bbox 1184 3978 1272 4029; x_wconf 73' lang='lat' dir='ltr'>Maso.</span> <span class='ocrx_word' id='word_1_282' title='bbox 1281 3992 1311 4030; x_wconf 87' lang='lat'>11.</span> 
     </span>
     <span class='ocr_line' id='line_1_34' title="bbox 155 4060 1314 4126; baseline -0.001 -15"><span class='ocrx_word' id='word_1_283' title='bbox 155 4064 249 4112; x_wconf 70' lang='lat' dir='ltr'>mandri</span> <span class='ocrx_word' id='word_1_284' title='bbox 262 4064 380 4126; x_wconf 83' lang='lat' dir='ltr'>fabulum</span> <span class='ocrx_word' id='word_1_285' title='bbox 390 4062 627 4113; x_wconf 76' lang='lat' dir='ltr'>Imoettaollmerit.</span> <span class='ocrx_word' id='word_1_286' title='bbox 647 4062 708 4111; x_wconf 81' lang='lat' dir='ltr'>Oen·</span> <span class='ocrx_word' id='word_1_287' title='bbox 760 4061 836 4111; x_wconf 80' lang='lat' dir='ltr'>MSS.</span> <span class='ocrx_word' id='word_1_288' title='bbox 860 4062 938 4110; x_wconf 81' lang='lat' dir='ltr'>insert</span> <span class='ocrx_word' id='word_1_289' title='bbox 959 4076 1015 4121; x_wconf 81' lang='lat' dir='ltr'>non,</span> <span class='ocrx_word' id='word_1_290' title='bbox 1039 4074 1067 4109; x_wconf 83' lang='lat' dir='ltr'>aa</span> <span class='ocrx_word' id='word_1_291' title='bbox 1088 4060 1141 4109; x_wconf 85' lang='lat' dir='ltr'>also</span> <span class='ocrx_word' id='word_1_292' title='bbox 1162 4060 1206 4108; x_wconf 84' lang='lat' dir='ltr'>the</span> <span class='ocrx_word' id='word_1_293' title='bbox 1227 4060 1314 4110; x_wconf 84' lang='lat' dir='ltr'>earlier</span> 
     </span>
     <span class='ocr_line' id='line_1_35' title="bbox 153 4142 1313 4207; baseline -0.003 -14"><span class='ocrx_word' id='word_1_294' title='bbox 153 4154 207 4205; x_wconf 82' lang='lat' dir='ltr'>atat,</span> <span class='ocrx_word' id='word_1_295' title='bbox 244 4146 411 4195; x_wconf 70' lang='lat' dir='ltr'>Menandrum</span> <span class='ocrx_word' id='word_1_296' title='bbox 437 4145 558 4207; x_wconf 68' lang='lat' dir='ltr'>scripnbre</span> <span class='ocrx_word' id='word_1_297' title='bbox 590 4144 707 4207; x_wconf 71' lang='lat' dir='ltr'>sobthim</span> <span class='ocrx_word' id='word_1_298' title='bbox 759 4144 881 4204; x_wconf 88' lang='lat' dir='ltr'>editions;</span> <span class='ocrx_word' id='word_1_299' title='bbox 897 4144 918 4191; x_wconf 92' lang='lat' dir='ltr'>it</span> <span class='ocrx_word' id='word_1_300' title='bbox 934 4143 1019 4191; x_wconf 88' lang='lat' dir='ltr'>marks</span> <span class='ocrx_word' id='word_1_301' title='bbox 1037 4159 1053 4190; x_wconf 82' lang='lat' dir='ltr'>a</span> <span class='ocrx_word' id='word_1_302' title='bbox 1069 4146 1115 4191; x_wconf 93' lang='lat' dir='ltr'>not</span> <span class='ocrx_word' id='word_1_303' title='bbox 1131 4142 1240 4191; x_wconf 86' lang='lat' dir='ltr'>unusual</span> <span class='ocrx_word' id='word_1_304' title='bbox 1256 4158 1313 4191; x_wconf 91' lang='lat' dir='ltr'>con·</span> 
     </span>
     <span class='ocr_line' id='line_1_36' title="bbox 155 4225 1313 4289; baseline -0.003 -13"><span class='ocrx_word' id='word_1_305' title='bbox 155 4229 304 4287; x_wconf 78' lang='grc' dir='ltr'>Μισούμενος</span> <span class='ocrx_word' id='word_1_306' title='bbox 326 4227 476 4289; x_wconf 79' lang='lat' dir='ltr'>inscriptam,</span> <span class='ocrx_word' id='word_1_307' title='bbox 497 4226 565 4288; x_wconf 71' lang='lat' dir='ltr'>enjus</span> <span class='ocrx_word' id='word_1_308' title='bbox 581 4242 707 4289; x_wconf 66' lang='lat' dir='ltr'>arcumen·</span> <span class='ocrx_word' id='word_1_309' title='bbox 758 4226 880 4275; x_wconf 87' lang='lat' dir='ltr'>struction</span> <span class='ocrx_word' id='word_1_310' title='bbox 898 4227 924 4274; x_wconf 92' lang='lat' dir='ltr'>in</span> <span class='ocrx_word' id='word_1_311' title='bbox 941 4226 984 4274; x_wconf 88' lang='lat' dir='ltr'>the</span> <span class='ocrx_word' id='word_1_312' title='bbox 996 4225 1079 4273; x_wconf 83' lang='lat' dir='ltr'>Greek</span> <span class='ocrx_word' id='word_1_313' title='bbox 1088 4240 1095 4284; x_wconf 86' lang='lat'>;</span> <span class='ocrx_word' id='word_1_314' title='bbox 1112 4226 1166 4273; x_wconf 68' lang='lat' dir='ltr'>etot</span> <span class='ocrx_word' id='word_1_315' title='bbox 1180 4226 1229 4285; x_wconf 70' lang='grc' dir='ltr'>γὰρ</span> <span class='ocrx_word' id='word_1_316' title='bbox 1244 4226 1313 4273; x_wconf 83' lang='lat' dir='ltr'>atrol</span> 
     </span>
     <span class='ocr_line' id='line_1_37' title="bbox 155 4306 1310 4371; baseline -0.003 -14"><span class='ocrx_word' id='word_1_317' title='bbox 155 4316 205 4357; x_wconf 86' lang='lat' dir='ltr'>tum</span> <span class='ocrx_word' id='word_1_318' title='bbox 212 4308 256 4358; x_wconf 83' lang='lat' dir='ltr'>ltoc</span> <span class='ocrx_word' id='word_1_319' title='bbox 261 4308 341 4371; x_wconf 62' lang='lat' dir='ltr'>furare</span> <span class='ocrx_word' id='word_1_320' title='bbox 351 4308 459 4358; x_wconf 80' lang='lat' dir='ltr'>uidetur:</span> <span class='ocrx_word' id='word_1_321' title='bbox 471 4306 633 4357; x_wconf 72' lang='lat' dir='ltr'>Tlrroaonidcr</span> <span class='ocrx_word' id='word_1_322' title='bbox 639 4306 707 4357; x_wconf 66' lang='lat' dir='ltr'>ordor</span> <span class='ocrx_word' id='word_1_323' title='bbox 803 4313 878 4369; x_wconf 79' lang='grc' dir='ltr'>φασιν</span> <span class='ocrx_word' id='word_1_324' title='bbox 888 4306 973 4357; x_wconf 71' lang='grc' dir='ltr'><strong>αὐτούς</strong></span> <span class='ocrx_word' id='word_1_325' title='bbox 978 4306 1044 4366; x_wconf 71' lang='lat' dir='ltr'>uhta</span> <span class='ocrx_word' id='word_1_326' title='bbox 1056 4306 1128 4354; x_wconf 73' lang='grc' dir='ltr'>πόθει</span> <span class='ocrx_word' id='word_1_327' title='bbox 1137 4306 1310 4368; x_wconf 53' lang='lat' dir='ltr'>exortanon,</span> 
     </span>
     <span class='ocr_line' id='line_1_38' title="bbox 155 4387 1311 4453; baseline -0.003 -14"><span class='ocrx_word' id='word_1_328' title='bbox 155 4391 552 4453; x_wconf 66' lang='lat' dir='ltr'>ardentissimeomcdatpuellum</span> <span class='ocrx_word' id='word_1_329' title='bbox 566 4390 633 4452; x_wconf 71' lang='lat' dir='ltr'>eujus</span> <span class='ocrx_word' id='word_1_330' title='bbox 643 4406 707 4439; x_wconf 80' lang='lat' dir='ltr'>ocer-</span> <span class='ocrx_word' id='word_1_331' title='bbox 757 4390 894 4448; x_wconf 74' lang='grc' dir='ltr'>μᾶλλονδὲ</span> <span class='ocrx_word' id='word_1_332' title='bbox 912 4392 984 4439; x_wconf 69' lang='lat' dir='ltr'>nal..</span> <span class='ocrx_word' id='word_1_333' title='bbox 1019 4389 1054 4448; x_wconf 74' lang='lat' dir='ltr'>ph</span> <span class='ocrx_word' id='word_1_334' title='bbox 1076 4387 1135 4451; x_wconf 81' lang='lat' dir='ltr'>only</span> <span class='ocrx_word' id='word_1_335' title='bbox 1157 4388 1258 4450; x_wconf 81' lang='lat' dir='ltr'>sarving</span> <span class='ocrx_word' id='word_1_336' title='bbox 1283 4393 1311 4436; x_wconf 91' lang='lat' dir='ltr'>to</span> 
     </span>
     <span class='ocr_line' id='line_1_39' title="bbox 155 4468 1311 4535; baseline -0.005 -12"><span class='ocrx_word' id='word_1_337' title='bbox 155 4474 246 4523; x_wconf 80' lang='lat' dir='ltr'>rimam</span> <span class='ocrx_word' id='word_1_338' title='bbox 262 4474 349 4523; x_wconf 82' lang='lat' dir='ltr'>odium</span> <span class='ocrx_word' id='word_1_339' title='bbox 370 4474 399 4522; x_wconf 81' lang='lat' dir='ltr'>tn</span> <span class='ocrx_word' id='word_1_340' title='bbox 415 4488 439 4523; x_wconf 83' lang='lat' dir='ltr'>re</span> <span class='ocrx_word' id='word_1_341' title='bbox 456 4489 482 4522; x_wconf 88' lang='lat' dir='ltr'>eo</span> <span class='ocrx_word' id='word_1_342' title='bbox 498 4471 622 4531; x_wconf 76' lang='lat' dir='ltr'>eaoitcbat,</span> <span class='ocrx_word' id='word_1_343' title='bbox 642 4470 706 4535; x_wconf 74' lang='lat' dir='ltr'>quod</span> <span class='ocrx_word' id='word_1_344' title='bbox 758 4471 831 4519; x_wconf 85' lang='lat' dir='ltr'>mark</span> <span class='ocrx_word' id='word_1_345' title='bbox 845 4488 862 4519; x_wconf 84' lang='lat' dir='ltr'>a</span> <span class='ocrx_word' id='word_1_346' title='bbox 878 4470 1016 4519; x_wconf 84' lang='lat' dir='ltr'>connexion</span> <span class='ocrx_word' id='word_1_347' title='bbox 1034 4469 1098 4519; x_wconf 85' lang='lat' dir='ltr'>with</span> <span class='ocrx_word' id='word_1_348' title='bbox 1117 4469 1160 4517; x_wconf 87' lang='lat' dir='ltr'>the</span> <span class='ocrx_word' id='word_1_349' title='bbox 1178 4468 1311 4534; x_wconf 81' lang='lat' dir='ltr'>preceding</span> 
     </span>
     <span class='ocr_line' id='line_1_40' title="bbox 155 4551 1048 4619; baseline -0.002 -16"><span class='ocrx_word' id='word_1_350' title='bbox 155 4556 239 4619; x_wconf 79' lang='lat' dir='ltr'>inepto</span> <span class='ocrx_word' id='word_1_351' title='bbox 250 4572 279 4607; x_wconf 84' lang='lat' dir='ltr'>ce</span> <span class='ocrx_word' id='word_1_352' title='bbox 290 4554 380 4606; x_wconf 78' lang='lat' dir='ltr'>stolida</span> <span class='ocrx_word' id='word_1_353' title='bbox 391 4554 514 4619; x_wconf 76' lang='lat' dir='ltr'>jactantia</span> <span class='ocrx_word' id='word_1_354' title='bbox 524 4553 645 4617; x_wconf 75' lang='lat' dir='ltr'>sortitura</span> <span class='ocrx_word' id='word_1_355' title='bbox 660 4568 707 4603; x_wconf 75' lang='lat' dir='ltr'>arto</span> <span class='ocrx_word' id='word_1_356' title='bbox 758 4552 876 4617; x_wconf 81' lang='lat' dir='ltr'>negative</span> <span class='ocrx_word' id='word_1_357' title='bbox 884 4551 1048 4617; x_wconf 88' lang='lat' dir='ltr'>proposition.</span> 
     </span>
    </p>
   </div>
   <div class='ocr_carea' id='block_1_8' title="bbox 0 0 1618 5184">
    <p class='ocr_par' dir='ltr' id='par_1_14' title="bbox 0 0 1618 5184">
     <span class='ocr_line' id='line_1_41' title="bbox 0 0 1618 5184; baseline 0 2"><span class='ocrx_word' id='word_1_358' title='bbox 0 0 1618 5184; x_wconf 95' lang='lat' dir='ltr'> </span> 
     </span>
    </p>
   </div>
  </div>
 </body>
</html>
