3225 5184
623 362 805 416 CAINI'I'AE.
1222 350 1287 414 241

131 530 204 587 tota
237 521 434 589 humectetio
460 522 592 609 spiritus
620 522 747 589 luminis
776 524 956 612 colligatur,
986 534 1022 593 et
1047 523 1229 612 abripiatur
1252 527 1286 593 iu
1320 538 1421 624 ,affl

131 622 272 687 AEonem
290 623 610 709 incorruptibilitatis.
1297 631 1449 717 ⁰2}ng

207 727 239 789 8.
292 722 387 789 Tales
404 723 531 809 quidem
552 724 725 788 secundum
748 747 802 790 eos
822 723 991 790 senteutioe
1008 735 1103 792 suut:
1124 726 1284 812 aquibus,
1331 725 1421 764 ‘¹⁸¹⁴‘

130 822 218 887 velut
247 822 399 889 ¹Leruaea
425 823 537 910 hydra,
567 823 733 908 multiplex
762 825 920 910 capitibus
948 825 1017 889 lera
1047 826 1087 891 de
1120 826 1287 891 Valentini

130 920 237 986 schola
253 931 408 1009 generata
425 931 485 988 est.
526 922 686 999 ²Quidam
706 925 791 988 enim
811 924 913 1010 ipsum
929 922 1082 1008 Sophiam
1104 932 1287 1011 serpentem

129 1020 249 1087 laetam
262 1023 389 1089 dicunt:
410 1031 608 1109 quapropter
624 1031 659 1088 et
676 1024 871 1089 contrariam
885 1023 1045 1089 exstitisse
1060 1025 1175 1091 lectori
1189 1026 1284 1104 Adae,

129 1128 163 1185 et
180 1120 377 1208 agnitionem
393 1121 573 1188 hominibus
593 1122 767 1199 immisisse,
787 1132 821 1188 et
845 1132 978 1209 propter
999 1123 1059 1189 boo
1080 1126 1202 1189 dictum
1219 1147 1286 1189 ser-

128 1228 259 1304 pentem
275 1223 415 1286 omnium
432 1222 667 1308 sapientiorem.
721 1222 785 1287 Sed
810 1230 843 1288 et
860 1231 993 1309 propter
1015 1225 1204 1309 positionem
1221 1225 1286 1289 ³in·

128 1320 319 1386 testinorum
343 1330 524 1387 nostrorum
547 1344 605 1406 per
622 1344 693 1406 quae
717 1345 788 1387 esca
810 1322 957 1399 infertur,
981 1328 1038 1387 ⁴eo
1060 1321 1097 1409 [l.
1125 1324 1175 1413 et]
1198 1325 1284 1410 quod

129 1420 227 1484 talem
252 1422 389 1507 figurem
411 1422 560 1498 habeant,
586 1422 810 1487 ostendentem
837 1424 1024 1488 absconsam
1050 1422 1285 1509 generatricem

127 1521 284 1605 serpentis
301 1521 411 1608 ligurae
427 1520 640 1586 substantiam
658 1520 691 1585 in
706 1522 806 1585 uobis.

205 1724 238 1793 9.
283 1702 416 1775 Ἀλλοι
447 1702 490 1787 δὲ,
524 1702 577 1779 οὓς
608 1704 749 1779 Καϊνοὺς
781 1700 981 1803 ὀνομάζουσι
1016 1704 1068 1774 καὶ
1100 1702 1162 1775 τόν
1196 1705 1410 1821 Kdiiepppoplsp

130 1814 237 1913 φασὶν
262 1818 295 1884 εἰ(
319 1824 376 1898 τῆς
400 1816 520 1887 ἄνωθεν
544 1816 712 1893 αὖθεντῖας
735 1820 977 1913 λελυτρῶσθαι,
999 1818 1054 1886 καὶ
1079 1815 1140 1887 τὸν
1158 1817 1282 1901 Ἠσαῦ,

128 1928 181 1997 καὶ
218 1926 279 1999 τὸν
315 1926 417 2027 Κορὲ,
449 1928 503 1998 καὶ
538 1928 614 2004 τοὺς
648 1926 850 2011 Σοδομίτας,
882 1928 936 1998 καὶ
974 1930 1102 2004 πάντας
1141 1927 1174 1998 δὲ
1208 1930 1285 2005 τοὺς

127 2042 306 2125 τοιούτους,
334 2050 504 2132 συγγενεῖς
530 2039 627 2116 ἰδίους
654 2042 875 2131 ὁμολογοῦσι.
942 2040 1012 2110 Kal
1046 2042 1184 2117 τούτους
1219 2041 1284 2113 ὑπὸ

125 2149 184 2233 μὲν
210 2158 272 2224 τοῦ
296 2159 438 2237 ποιητοῦ
459 2156 642 2237 μισηθῆναι,
667 2151 827 2237 μηδεμίαν
844 2150 879 2223 δὲ
897 2150 1036 2241 βλάβην
1056 2152 1282 2249 εἰσδέξασθαι·

199 2356 231 2419 9.
283 2354 367 2419 ⁵Alii
403 2362 511 2419 autem
539 2376 648 2419 rursus
682 2354 761 2419 Cain
794 2377 815 2418 a
849 2354 1012 2439 superiore
1046 2354 1284 2440 principalitate

127 2452 248 2531 dicunt,
266 2462 300 2517 et
316 2453 414 2529 Esau,
430 2462 464 2519 et
482 2453 574 2531 Cure,
594 2464 628 2518 et
646 2454 838 2529 sodomitas,
855 2462 889 2517 et
905 2476 1014 2517 omnes
1031 2453 1113 2517 tales
1130 2463 1284 2541 cognatos

126 2574 199 2616 suos
217 2552 426 2627 confitentum
447 2561 481 2617 et
498 2562 631 2638 propter
644 2552 705 2617 hoo
722 2576 741 2617 a
757 2552 880 2616 factore
894 2552 1108 2638 impugnatos,
1126 2554 1283 2617 neminem

126 2674 166 2715 ex
195 2652 240 2715 eis
265 2651 348 2715 male
374 2658 523 2735 acceptos
550 2652 650 2739 [mala
680 2652 889 2738 aseceptesm]¹
947 2650 1067 2735 Sophia
1096 2651 1180 2715 euim
1206 2652 1284 2716 illud

175 2856 185 2887 ¹
203 2856 236 2905 So
248 2856 420 2905 Hmonrrns
431 2872 488 2921 says
503 2858 531 2905 ol
544 2858 587 2907 tbe
603 2858 683 2907 Naes-
729 2858 824 2906 certain
835 2862 922 2906 extent
932 2857 994 2906 with
1005 2858 1048 2907 the
1058 2857 1077 2905 J
1079 2857 1153 2906 ewuh
1165 2858 1283 2919 Gabbala,

125 2955 195 2987 senes
206 2955 235 2988 or
246 2938 350 3003 Ophites
357 2956 364 2999 ;
382 2937 435 2987 ἀλλ’
448 2940 500 2986 nn
513 2940 681 2999 reluctantis
729 2939 812 2987 where
833 2954 850 2986 a
876 2939 998 3003 principat
1025 2940 1161 2989 excellence
1188 2939 1217 2988 oi
1240 2940 1285 2989 tbe

126 3020 192 3067 ἐστιν
206 3018 222 3076 ἡ
237 3019 318 3077 πλάνη
329 3020 369 3067 καὶ
383 3018 532 3079 τολυσχιδὴς
543 3018 573 3067 ὡς
586 3019 680 3075 ἀληθῶς
729 3022 916 3084 Androgyuous
950 3020 1155 3085 Microprosopus
1188 3022 1209 3069 is
1244 3021 1284 3070 de

125 3100 279 3159 ἱστορουμένη
290 3100 356 3161 ὕδρα,
368 3100 432 3147 κατὰ
442 3099 499 3157 μέαν
506 3100 595 3157 ταύτης
607 3106 679 3159 scpu-
729 3103 826 3150 scribed
841 3118 868 3150 as
885 3103 994 3165 forming
1005 3104 1048 3151 the
1059 3104 1166 3152 internsl
1179 3103 1267 3151 υἱιιενα
1274 3121 1285 3157 ,·

124 3178 678 3240 λδςτατιίξαντες...ιῖταντδθηρέονδναιρή-
729 3184 847 3249 ῙΡΠΠΧἹΊ
882 3186 986 3234 naiton
1018 3186 1070 3235 *nn
1100 3186 1213 3235 bt‘nntt
1250 3187 1284 3236 tn

125 3278 204 3319 σομεν.
240 3260 332 3309 Philus.
346 3272 371 3309 v·
388 3274 424 3309 Π.
729 3264 801 3328 illim
821 3264 884 3311 Idea
903 3265 994 3313 Ιέαδδα.
1013 3277 1055 3313 xn.
1097 3265 1218 3313 Mos-com
1238 3263 1287 3312 etis

173 3340 184 3373 ¹
201 3344 265 3391 Tuis
287 3344 313 3391 δέ
335 3344 406 3391 aba
426 3340 468 3390 τδν
485 3342 540 3403 ὄφιν
556 3342 588 3401 τῇ
604 3342 679 3403 σοφίᾳ
726 3344 797 3406 ρέονμ
811 3346 901 3406 preca
917 3354 959 3393 out
970 3346 1051 3408 forem
1066 3346 1103 3393 sn
1120 3347 1218 3394 uiscera.

125 3424 230 3473 unveisai
252 3430 322 3485 φασι,
346 3425 386 3471 καὶ
405 3423 436 3472 ὡς
454 3424 552 3483 έναντέιρ
570 3424 623 3482 Θεῷ
645 3425 680 3483 τῷ
777 3424 788 3455 ⁴
804 3427 857 3474 The
864 3426 963 3475 Cunna.
980 3426 1083 3489 reading
1096 3433 1117 3474 ct
1130 3428 1150 3474 is
1164 3426 1285 3490 proposed

125 3502 215 3565 ποιητῇ
226 3506 377 3564 πολεμοῦντα
388 3503 516 3563 τδνἌδδμ
528 3506 680 3565 ἐξαπατῆσαι
728 3506 755 3555 in
777 3506 827 3555 lieu
849 3508 878 3554 ol
897 3508 1015 3555 Gusnu's
1033 3524 1066 3567 ιο,
1091 3509 1131 3557 lor
1147 3508 1168 3555 it
1186 3513 1285 3556 returns

126 3587 166 3633 καὶ
192 3588 317 3635 δεδωκέναι
339 3588 385 3644 τὴν
408 3587 504 3646 γνῶσιν,
531 3587 571 3633 καὶ
593 3587 680 3633 τούτου
729 3591 810 3639 better
827 3591 882 3638 into
893 3590 992 3649 Greek;
1010 3590 1053 3637 the
1068 3590 1203 3637 translator
1217 3590 1283 3638 how·

125 3666 196 3728 χάριν
207 3668 315 3729 εέρῆσθαι
327 3669 509 3730 φρονιμώτατον
516 3668 575 3715 εἶναι
584 3668 680 3715 πάντων
728 3686 786 3719 ever
802 3670 862 3719 read
881 3672 1005 3719 δεικνῦσιν
1022 3670 1185 3729 ostendentem,
1208 3685 1283 3733 appa·

124 3748 167 3799 τδν
184 3752 246 3813 δφιν.
284 3752 334 3799 Kul
350 3753 393 3810 τὴν
411 3753 570 3801 πολυέλικτον
589 3751 614 3798 δέ
632 3752 680 3797 τῶν
728 3753 810 3817 rently
828 3754 855 3801 iu
872 3769 940 3801 error
960 3753 999 3801 sor
1021 3754 1136 3801 δεικνῦσα
1150 3752 1282 3813 eamdam,

124 3832 245 3895 ἡμετέρων
263 3834 362 3894 έντέρων
380 3834 445 3882 θέσιν
462 3834 506 3881 τοῦ
523 3834 599 3894 ὄφεως
615 3849 678 3893 περι·
728 3834 771 3881 the
783 3834 862 3881 entire
876 3838 992 3881 sentence
1008 3834 1119 3897 running
1132 3849 1159 3881 as
1174 3834 1282 3884 follows:

125 3917 218 3965 ιιεῖσθαι
229 3916 349 3975 riesisse,
367 3916 490 3964 δεικνῦσιν
505 3916 550 3973 τὴν
563 3914 679 3973 sontica
724 3912 806 3963 ’annu
818 3915 858 3961 rol
873 3915 913 3962 διὰ
927 3916 972 3973 τὴν
989 3915 1037 3961 τῶν
1053 3914 1174 3975 ἡμετέρων
1185 3916 1285 3975 ἐπέρων

125 3999 213 4058 σοφίαν
231 3998 275 4045 τοῦ
293 3997 376 4057 δφεως.
411 3996 512 4045 Tfflton.
532 3994 601 4045 Ηιυτ.
615 3994 677 4044 Fet.
730 3994 801 4053 θέτω,
828 3991 857 4040 δι’
878 3991 911 4041 δν
929 3994 1067 4054 εἰσφέρεται
1084 3993 1113 4041 τδ
1128 3995 1223 4055 βρῶμα,
1244 3996 1284 4043 καὶ

124 4090 142 4127 r.
158 4092 196 4140 14.
232 4076 277 4127 See
293 4077 345 4127 also
361 4094 386 4142 p.
401 4079 455 4139 οι8,
470 4092 494 4127 ιι.
512 4090 531 4125 r.
730 4079 768 4125 aa
785 4075 814 4125 τδ
831 4078 896 4136 ἔχειν
908 4076 1002 4123 τοιόνδε
1018 4075 1063 4133 τὴν
1078 4076 1209 4137 μόρφωσιν,
1224 4079 1283 4124 δεικ-

173 4158 184 4192 ⁸
199 4160 371 4208 Hn’l’om'uus
381 4164 521 4223 represents
533 4158 575 4207 the
587 4156 679 4221 ophite
729 4160 794 4207 νῦσιν
811 4157 1019 4217 δτοκειιρυμμένιμ
1039 4174 1061 4205 κ.
1071 4174 1093 4204 τ.
1103 4159 1128 4207 λ.
1162 4157 1215 4207 'l'he
1229 4173 1284 4207 sun·

123 4243 245 4307 priucipal
263 4243 340 4302 AEou,
368 4243 410 4291 the
429 4247 529 4303 serpent
555 4257 583 4289 as
606 4240 679 4303 being
728 4237 937 4287 tenoeasituow
948 4236 1266 4301 standsisuuintelligible.

123 4326 280 4392 represented
298 4326 331 4390 by
347 4326 390 4373 the
404 4324 577 4375 convolutions
595 4322 679 4371 nithe
778 4318 789 4349 ⁵
817 4314 892 4367 Οδτοέ
926 4325 987 4378 φασι
1017 4318 1059 4366 τόν
1092 4319 1155 4367 Kd's‘s
1183 4321 1210 4367 ἐκ
1241 4322 1285 4379 τῆς

123 4410 212 4470 brain;
239 4410 286 4457 but
308 4410 359 4457 νοῦς
380 4424 431 4457 was
456 4407 559 4471 typilisd
581 4407 615 4469 by
637 4406 680 4453 the
730 4400 886 4461 ἰσχυροτέρας
906 4399 1023 4457 δυνάμεως
1042 4399 1158 4460 ιἰτδρχειν
1180 4401 1220 4447 sal
1242 4402 1285 4459 τῆς

123 4496 231 4555 serpent,
255 4488 303 4539 and
321 4490 363 4538 the
382 4495 433 4537 two
456 4488 522 4537 ideas
538 4486 677 4550 symbolise.
731 4483 820 4531 trudes
839 4482 972 4530 αὐδεντέας·
1001 4481 1066 4529 ἀλλὰ
1088 4482 1128 4528 καὶ
1144 4482 1187 4529 τδν
1201 4481 1286 4529 Ἠσαῦ

123 4572 183 4623 This
201 4570 317 4622 haretioal
334 4574 441 4619 account
456 4567 607 4617 barmonises
624 4570 680 4612 toa
730 4566 770 4613 καὶ
787 4566 842 4613 τοὺς
859 4566 914 4625 περὶ
931 4564 1003 4625 Κορὲ,
1023 4564 1062 4610 sal
1079 4564 1134 4611 rota
1144 4564 1285 4621 Σοδομέτας’

212 4678 286 4726 von.
306 4677 328 4726 ι.
1156 4650 1198 4713 16
