3225 5184
307 424 373 489 220
754 440 996 494 muamus.

142 614 286 699 ursulam.
381 600 477 672 Ἀπδ
496 600 703 700 Σατορνίνου
719 598 773 670 καί
791 598 990 699 Μαρκίωνος
1007 602 1041 671 oi
1062 601 1257 684 καλούμεναι
1281 601 1462 701 ἐγκρατεῖς,
1474 638 1560 684 moy,

152 708 284 793 millii*
307 713 457 806 ἀγαμίαν
474 710 637 813 ἐκήρυξαν,
656 712 870 788 ἀ’θετοῦντες
893 713 954 795 τήν
972 714 1118 811 α’ρχαίαν
1140 711 1269 784 πλιίσιν
1286 719 1350 785 τοῦ
1366 714 1461 799 θεοῦ,

165 800 270 887 iiiiii:
306 826 361 898 xci
401 827 504 925 ήρέμα
535 830 801 924 κατηγοροῦντες
835 830 899 897 τοῦ
927 824 1025 924 ἅῤῥεν
1053 826 1107 896 καί
1140 828 1223 909 θῆλυ
1253 830 1296 903 εἷς
1333 827 1462 917 γε’νεσιν

140 974 189 1013 σοι
197 973 293 1061 rpus.
307 939 486 1039 ἀνθρώπων
528 939 760 1021 πεποιηκότος·
806 937 860 1008 καί
902 942 968 1010 τῦνν
1012 939 1200 1031 λεγομένων
1235 941 1316 1039 παρ’
1351 941 1462 1016 αῦτοῖς

306 1051 470 1149 ε’μψιίχων
513 1051 646 1147 α’ποχήν
685 1051 920 1143 εἰσηγήσαντο,
958 1052 1222 1148 ἀχαριστοῦντες
1259 1058 1313 1142 τῷ
1347 1048 1461 1123 πάντα

306 1166 502 1248 πεποιηκότι
538 1163 622 1254 Θεῷ.
675 1161 919 1254 Ἀντιλίγουσί
951 1194 991 1235 τε
1024 1170 1068 1257 τῇ
1095 1170 1158 1236 τοῦ
1181 1160 1460 1262 πρωτοπλιίστου

304 1278 464 1377 σωτηρίᾳ·
490 1275 544 1347 καὶ
576 1281 683 1349 τοῦτο
714 1282 765 1346 νῦν
796 1273 946 1374 ἐξευρέθη
981 1277 1059 1373 παρ’
1097 1278 1218 1354 αὐτοῖς.
1268 1275 1460 1349 ’Τατιιίνου

302 1393 392 1466 τινδς
427 1388 565 1489 πριιίτωε
603 1389 727 1471 ταύτην
765 1388 1013 1478 εἰσενέγκαντος
1045 1388 1106 1470 τήν
1141 1390 1379 1488 βλασφημίαν·
1422 1390 1459 1466 ὃς

303 1501 486 1575 Ἰουστίνου
505 1500 670 1600 ἀκροατής
690 1499 845 1592 γεγονὼς,
873 1501 1004 1598 ἐφόσον
1026 1499 1086 1584 μὲν
1110 1504 1207 1583 συνῆν
1232 1503 1345 1593 ἐκείνω,
1368 1500 1460 1572 οῦδὲν

302 1613 441 1715 ἐξέφηνε
469 1620 637 1686 τοιοῦτον·
667 1610 754 1697 μετὰ
783 1610 819 1682 δὲ
847 1613 908 1695 τήν
932 1614 1051 1683 ἐκείνου
1086 1614 1272 1714 μαρτυρίαν
1302 1612 1458 1691 ἀποστὰς
1469 1638 1496 1677 ⁰-
1507 1639 1551 1679 νῦν

300 1736 360 1810 τῆς
394 1727 603 1810 Ἐκκλησίας,
632 1728 765 1809 αι’ήματι
793 1722 996 1796 διδασκάλου
1021 1726 1174 1824 ἐπαρθεὶς
1201 1727 1256 1797 καὶ
1294 1727 1458 1826 τυφωθεὶς

301 1844 341 1917 ὡς
367 1839 532 1940 διαφέρων
557 1842 622 1910 τῶν
644 1842 779 1925 λοιπῶν,
804 1835 887 1908 ’ίδιον
912 1844 1110 1938 χαρακτῆρα
1135 1836 1364 1910 διδασκαλείου
1382 1872 1458 1909 συν-

301 1958 484 2035 εστήσατο·
511 1948 641 2029 Αίιῦνιίς
664 1982 756 2029 τινας
781 1947 946 2050 αόρείτους
974 1951 1093 2034 ὁμοίως
1115 1962 1187 2027 τοῖς
1216 1951 1285 2023 dorsi
1310 1952 1457 2023 Οὐαλεν-

301 2066 394 2137 τίνου
411 2069 660 2154 μυθολογήσας·
684 2066 745 2135 τδν
763 2060 874 2154 γάμον
891 2095 931 2136 τε
950 2060 1085 2163 φθορὰν
1101 2062 1155 2135 καὶ
1174 2064 1328 2163 πορνείαν
1347 2095 1458 2165 παρα-

301 2175 448 2259 πλησίως
477 2175 650 2274 Μαρκίωνι
681 2174 736 2246 καὶ
765 2175 959 2275 Σατορνίνῳ
989 2177 1225 2274 α’ναγορειίσας·
1254 2183 1302 2270 τῇ
1330 2174 1365 2247 δὲ
1392 2179 1457 2248 τοῦ

298 2286 414 2373 Ἀδὰμ
432 2287 580 2387 σωτηρίᾳ
599 2290 681 2387 παρ’
697 2289 816 2359 ἑαυτοῦ
833 2288 913 2371 3τήν
928 2290 1144 2381 αι’τιολογίαν
1160 2290 1390 2372 ποιησάμενος.

302 2442 353 2509 Ut
384 2442 520 2529 exempli
550 2442 657 2529 gratia
687 2439 838 2520 dicamus,
867 2464 889 2506 a
922 2441 1096 2507 Saturnino
1124 2449 1158 2508 et
1189 2443 1364 2524 Marcione,
1399 2444 1455 2531 qui

301 2549 457 2608 vocantur
483 2542 702 2619 continentes,
729 2541 957 2606 abstinentiam
984 2564 1005 2607 a
1029 2542 1149 2628 nuptiis
1172 2543 1453 2627 annuntiaverunt,

299 2643 493 2707 frustrantes
524 2642 690 2727 antiquam
722 2641 965 2726 plasmationem
1000 2642 1097 2721 *Βοὶ,
1132 2649 1168 2708 et
1200 2642 1327 2728 oblique
1359 2665 1454 2709 accu-

298 2749 406 2809 santes
433 2764 515 2820 cum,
547 2740 602 2827 qui
630 2748 664 2807 et
693 2741 869 2805 masculum
898 2748 932 2805 et
959 2741 1122 2807 foeminam
1148 2741 1191 2806 ad
1212 2742 1452 2829 generationem

298 2842 485 2907 ‘hominum
510 2842 605 2906 lecit:
643 2852 813 2907 eteorum
839 2862 912 2925 quae
938 2840 1089 2905 dicuutur
1113 2843 1199 2928 apud
1224 2863 1279 2923 eos
1303 2842 1454 2909 animalia

299 2941 524 3007 abstinentiam
542 2941 746 3015 induxerunt,
768 2940 889 3027 ingrati
905 2938 1096 3006 exsistentes
1123 2941 1153 3006 ei
1176 2940 1229 3027 qui
1252 2941 1359 3007 omnia
1374 2942 1452 3008 fecit

299 3042 382 3106 Deo.
435 3039 668 3107 Contradicunt
689 3061 815 3125 quoque
836 3040 904 3124 ejus
927 3040 1032 3118 saluti,
1058 3040 1111 3126 qui
1131 3042 1252 3127 primus
1274 3040 1451 3126 plasmatus

298 3148 368 3207 est:
394 3147 428 3206 ot
445 3140 505 3205 hoc
531 3161 614 3205 uuuc
637 3139 843 3204 adinventum
863 3146 913 3203 est
929 3140 1016 3223 apud
1036 3162 1100 3204 eos.
1152 3139 1290 3207 Tatiano
1312 3141 1450 3225 quodam

297 3240 400 3327 primo
425 3241 507 3305 hanc
532 3239 756 3304 introducente
778 3237 1026 3323 blasphemiam:
1056 3238 1110 3325 qui
1135 3262 1207 3305 cum
1224 3247 1308 3305 essct
1327 3238 1452 3305 Justini

297 3340 435 3417 auditor,
459 3339 493 3407 in
523 3346 678 3425 quantum
706 3336 834 3423 quidem
860 3338 946 3422 apud
977 3360 1050 3403 eum
1075 3346 1156 3416 erat,
1183 3338 1262 3403 nibil
1288 3339 1451 3405 enarravit

298 3441 382 3507 tale:
410 3445 483 3527 post
499 3460 574 3505 vero
591 3438 673 3502 illius
698 3437 888 3521 martyrium
910 3436 1067 3503 absistens
1084 3440 1125 3503 ab
1143 3437 1295 3516 Ecclesia,
1312 3448 1346 3504 et
1365 3460 1451 3524 prae-

297 3540 477 3624 sumptione
496 3538 642 3625 magistri
667 3539 769 3603 clatus
794 3544 828 3601 et
854 3535 992 3615 inflatus,
1012 3539 1101 3623 quasi
1117 3561 1184 3623 prae
1208 3539 1333 3604 caeteris
1354 3547 1449 3614 esset,

296 3638 460 3723 proprium
489 3638 708 3701 characterem
733 3635 888 3701 doctrinm
913 3637 1099 3704 constituit:
1131 3638 1269 3703 ⁶AEonas
1295 3639 1450 3724 quosdam

295 3735 465 3801 invisibiles
480 3735 626 3800 similiter
641 3742 739 3821 atque
755 3734 790 3798 hi
802 3735 856 3821 qui
873 3757 894 3799 a
912 3732 1086 3802 Valentino
1103 3746 1189 3815 sunt,
1207 3738 1294 3803 velut
1309 3737 1450 3803 fabulam

295 3857 468 3901 enarrans:
494 3834 640 3920 'nuptias
659 3844 766 3900 autem
784 3834 982 3921 corruptelas
1006 3844 1040 3901 ct
1064 3837 1288 3903 fornicationes
1303 3835 1452 3902 similiter

294 3944 332 4003 ut
351 3936 498 4001 Marcion
515 3942 549 3999 et
568 3934 758 3999 Saturninus
775 3934 902 3999 dicens:
931 3933 1015 4001 Adae
1029 3944 1139 4002 sutem
1153 3936 1249 4002 saluti
1266 3959 1307 4002 ex
1323 3959 1358 4002 se
1375 3958 1451 4001 con-

294 4036 522 4102 tradictionem
539 4034 667 4100 faciens.

342 4172 352 4205 ²
369 4172 539 4223 Hmomus
554 4172 677 4221 describes
693 4170 735 4219 tha
752 4170 845 4219 Encra·
896 4170 1001 4230 δοξάζειν
1015 4169 1154 4230 νομίζοντες,
1169 4169 1314 4231 ἀπικόμενα
1323 4170 1448 4232 ἐμψύχειν,

292 4255 346 4303 titas
357 4269 384 4303 as
395 4252 562 4304 schismatiesl
569 4253 654 4301 rather
664 4252 726 4301 thau
737 4266 765 4299 ss
776 4251 844 4299 here·
896 4251 1080 4314 ῦδροποτοῦπεν
1097 4253 1137 4302 καί
1152 4253 1241 4312 γαμεῖν
1254 4253 1393 4313 κωλύοντες,
1408 4253 1452 4302 καὶ

290 4337 346 4385 tius.
385 4336 482 4398 Ἕτεροι
503 4336 530 4383 δὲ
549 4334 646 4384 ἑαυτοὺς
669 4334 846 4382 ἀποκαλοῦντες
894 4334 932 4395 τῦ
950 4334 1031 4394 λοιπιῦ
1049 4334 1096 4397 βίῳ
1117 4334 1257 4395 καταξήρων
1277 4335 1448 4395 προσέχοντες,

287 4416 457 4479 ’ῦγκρειτίτακ
481 4416 514 4464 τὰ
532 4417 576 4475 μὲν
594 4416 649 4477 περί
666 4416 709 4463 τοῦ
726 4415 789 4463 θεοῦ
805 4414 847 4462 καί
893 4417 989 4473 μᾶλλον
1005 4417 1092 4465 κυνικοί
1113 4416 1132 4475 ἦ
1148 4416 1289 4478 Χριστιανοὶ
1310 4416 1449 4478 κρινόμενοι.

290 4500 335 4547 τοῦ
357 4499 464 4560 Χριστοῦ
486 4498 569 4555 ὁμοίως
592 4497 633 4545 καί
654 4498 687 4557 τῇ
708 4495 846 4557 Ἐκκλησία
894 4496 962 4547 Phil.
971 4510 1032 4547 Vm.
1045 4512 1085 4549 νο.
1104 4498 1143 4549 Cf.
1157 4497 1336 4558 Sawntmwtt,
1350 4513 1376 4562 p.
1391 4498 1448 4562 198.

292 4578 445 4639 ὁμολογοῦσι·
458 4578 512 4641 περὶ
524 4579 550 4627 tl
560 4578 685 4627 πολιτείαν
693 4578 844 4639 πεφυσιωμέ·
942 4578 954 4611 ¹
970 4580 1142 4629 Hmouws
1156 4579 1252 4629 solbws
1266 4578 1310 4627 she
1320 4593 1391 4627 senso
1401 4578 1450 4629 but

291 4677 326 4707 νοι
339 4660 537 4721 amplum«,
550 4660 647 4710 ἐαυτοῦν
661 4661 701 4709 διὰ
710 4660 846 4723 βρωμάτιον
893 4660 973 4709 varies
1005 4660 1049 4709 the
1076 4659 1165 4709 words.
1210 4658 1327 4710 Turwdr
1354 4660 1380 4710 tl
1406 4660 1449 4709 sut
