3225 5184
347 363 413 428 368
674 373 968 428 HAERE‘I'ICORUM
995 372 1153 426 OMNIUM

211 555 303 595 amu.
344 539 394 598 est
409 531 602 597 ¹substantia
623 531 762 597 omnium
775 529 919 595 voluntas
939 529 1026 616 ejus;
1049 527 1136 592 solus
1152 524 1204 591 bic
1226 523 1323 589 Deus
1344 521 1528 598 invenitur,

214 601 271 640 xlvii.
282 603 300 640 8.

194 647 317 732 ffiggspp
345 635 398 720 qni
424 635 528 701 omnia
550 631 635 714 lecit,
661 633 746 698 solus
775 632 982 718 omnipotens,
1009 637 1042 696 et
1063 631 1150 695 solus
1174 627 1275 693 Pater
1306 626 1471 692 condem
1498 636 1528 689 et

181 742 328 824 Q
345 738 463 804 lanians
478 737 591 815 omnia,
607 746 640 802 et
654 737 794 815 visibilia,
811 743 844 800 et
858 734 1032 812 invisibilia,
1046 743 1080 799 et
1093 731 1262 808 sensibilia,
1277 737 1315 794 et
1336 729 1527 799 insensata.

181 851 286 892 Heni-³
345 851 378 907 et
396 841 546 919 coelestia,
569 849 602 906 st
619 850 752 918 terrena,
776 837 872 903 Verbo
893 839 1123 907 virtutium:
1147 845 1180 901 et
1197 833 1309 899 omnia
1329 833 1475 920 aptavit
1495 850 1526 897 et

344 944 496 1030 disposuit
517 944 669 1029 sapientia
690 965 757 1020 sua,
773 952 806 1007 et
827 940 932 1006 omnia
952 941 1088 1027 capiens,
1109 939 1195 1005 solus
1214 947 1327 1002 autern
1346 958 1373 1000 a
1390 938 1526 1001 nemine

344 1047 413 1131 capi
442 1054 563 1132 potest:
588 1046 654 1132 ipse
677 1046 854 1122 fabricator,
882 1045 948 1129 ipse
977 1043 1128 1121 conditor,
1155 1041 1221 1128 ipae
1250 1041 1421 1118 inventor,
1456 1041 1525 1125 ipse

344 1151 454 1228 lactor,
477 1150 543 1238 ipse
569 1151 725 1216 Dominus
754 1151 909 1214 omnium:
932 1157 966 1214 et
994 1171 1095 1234 neque
1119 1156 1233 1233 praeter
1257 1144 1381 1231 ipsum,
1414 1167 1525 1232 neque

344 1275 437 1339 super
465 1254 577 1339 ipsum,
604 1276 704 1338 neque
733 1254 848 1330 Mater,
874 1275 969 1339 qnam
989 1252 1032 1315 illi
1050 1248 1306 1324 admentinntnr3
1331 1271 1401 1314 nec
1428 1249 1523 1314 Dens

344 1355 433 1434 alter,
450 1379 541 1444 quem
565 1355 710 1421 Marcion
731 1355 873 1430 affinxit3
901 1377 960 1420 nec
983 1355 1130 1420 Pleroma
1151 1376 1217 1416 xxx
1242 1355 1410 1430 AEonum,
1431 1353 1522 1437 qnod

344 1479 457 1524 vanum
472 1467 631 1524 ostensum
646 1465 710 1532 est;
736 1479 837 1542 nsque
852 1456 985 1544 Bytbns,
998 1478 1056 1522 nec
1072 1454 1246 1531 Promona
1270 1460 1401 1540 ²neque
1422 1454 1517 1528 eoeti;

343 1566 419 1626 ⁸nec
433 1561 537 1626 lumen
551 1560 709 1648 virginale,
724 1583 782 1626 nec
797 1561 888 1625 AEon
907 1559 1147 1638 innominabilis,
1161 1581 1221 1624 nec
1239 1559 1272 1623 in
1288 1567 1403 1624 totum
1421 1559 1517 1646 qnid·
1528 1573 1543 1610 ⁶
1554 1576 1584 1607 ’-’

345 1686 438 1750 quam
452 1686 569 1742 eorum,
586 1687 655 1749 quae
666 1666 707 1729 ab
721 1664 780 1740 his,
796 1672 829 1729 et
843 1665 884 1728 ab
898 1664 1042 1729 omnibns
1055 1661 1211 1728 haeretieis
1224 1661 1415 1727 delirantur.
1451 1663 1516 1726 Sed

344 1768 429 1834 solus
443 1790 523 1832 nnus
538 1769 626 1833 Deus
640 1765 816 1845 fabricator,
833 1767 884 1832 hic
906 1766 959 1852 qui
977 1773 1026 1831 est
1040 1787 1134 1850 super
1148 1785 1273 1829 omnem
1287 1763 1514 1849 principalita-

344 1880 419 1950 tem,
435 1880 468 1937 et
482 1879 679 1958 potestatem,
695 1877 727 1936 et
746 1869 999 1946 dominationem,
1017 1876 1051 1933 et
1070 1868 1235 1933 virtutem:
1256 1867 1309 1932 bic
1325 1867 1445 1947 Pater,
1462 1868 1512 1932 hic

345 1975 442 2052 Deus,
467 1973 517 2040 hic
541 1975 692 2052 conditor,
718 1973 769 2037 hic
796 1974 906 2052 lactor,
931 1970 984 2038 bic
1009 1972 1186 2049 fabricator,
1210 1971 1262 2056 qui
1287 1970 1366 2035 fecit
1393 1993 1438 2036 aa
1456 1994 1513 2058 per

343 2076 555 2160 semetipsum,
570 2075 629 2141 boc
643 2083 692 2141 est
704 2096 759 2160 per
769 2075 930 2140 ⁴Verbum
945 2083 978 2141 st
991 2096 1047 2160 per
1062 2071 1253 2160 Sapientiam
1267 2094 1371 2152 suam,
1388 2073 1509 2138 coelnrn
1583 2146 1584 2165 χ

344 2188 377 2244 et
398 2186 522 2256 terram,
547 2186 580 2244 et
605 2177 712 2255 maria,
734 2185 767 2242 et
790 2177 896 2242 omnia
910 2199 980 2262 qnae
1003 2176 1035 2241 in
1059 2175 1106 2242 eis
1125 2184 1218 2242 sunt:
1234 2175 1286 2241 bic
1304 2177 1430 2263 justus,
1456 2178 1508 2240 hic

344 2284 461 2348 bonus:
485 2281 536 2347 hic
557 2289 607 2346 est
628 2281 680 2366 qui
702 2281 847 2347 formavit
869 2280 1037 2358 hominem,
1059 2280 1112 2365 qui
1138 2279 1290 2366 plantavit
1308 2280 1507 2366 paradisum,

344 2385 395 2470 qui
418 2384 578 2450 fabricavit
599 2385 761 2462 mundum,
784 2383 837 2469 qui
857 2381 1006 2447 diluvium
1029 2382 1161 2461 induxit,
1177 2380 1231 2466 qui
1254 2381 1325 2446 Noe·
1344 2381 1504 2448 salvavit:

179 2507 329 2548 ursanum.
343 2487 393 2554 bic
409 2488 496 2555 Deus
508 2487 681 2566 Abraham,
696 2496 729 2553 et
745 2488 834 2553 Deus
850 2487 951 2564 Isaac,
966 2493 999 2551 et
1014 2486 1103 2551 Deus
1117 2485 1231 2564 Jacob,
1245 2485 1335 2551 Deus
1347 2486 1503 2568 vivorum,

343 2615 435 2678 quem
449 2601 481 2657 et
496 2592 547 2657 lex
561 2591 736 2670 annuntiat,
752 2612 846 2677 quem
861 2590 1029 2676 Prophetae
1044 2599 1234 2674 praeconant,
1249 2612 1343 2674 quem
1354 2589 1506 2656 Christus

342 2694 467 2774 revelat,
484 2717 576 2780 quem
591 2694 738 2781 Apostoli
753 2695 892 2773 tradunt,
908 2715 1002 2779 quem
1017 2693 1160 2759 Ecclesia
1173 2693 1282 2759 credit.
1320 2692 1387 2758 Hic
1403 2695 1504 2759 Pater

342 2799 470 2864 Domini
485 2800 582 2864 nostri
594 2799 618 2862 J
619 2821 674 2864 esu
690 2797 816 2874 Christi,
832 2819 888 2882 per
904 2797 1045 2862 Verbum
1055 2819 1157 2874 snum,
1170 2796 1224 2882 qui
1238 2806 1288 2863 est
1304 2797 1408 2862 Filius
1421 2801 1502 2886 ejus,

341 2923 397 2988 per
419 2923 490 2966 eum
517 2901 670 2966 revelatur
698 2908 731 2966 et
760 2901 976 2966 manifestatur
1005 2901 1159 2978 omnibus,
1186 2901 1299 2986 quibus
1324 2901 1498 2966 revelatur:

341 3012 534 3091 cognoscunt
548 3003 631 3069 euim
647 3027 719 3069 enm
733 3003 776 3082 hi,
792 3003 906 3088 quibua
919 3003 1099 3068 revelaverit
1112 3003 1222 3070 Filius.
1250 3005 1383 3090 Semper
1392 3014 1500 3068 autern

341 3107 533 3172 coexsistens
549 3106 649 3172 Filius
663 3105 764 3183 Patri,
779 3106 854 3170 olim
871 3113 905 3171 et
920 3107 962 3170 ab
976 3105 1066 3172 initio
1081 3128 1204 3193 semper
1217 3107 1335 3173 revelat
1356 3107 1498 3185 Patrem,

340 3219 374 3276 st
397 3211 539 3299 Angelis,
570 3217 602 3276 et
631 3209 850 3296 Archangelia‚
880 3217 914 3274 et
935 3210 1163 3290 Potestatibus,
1189 3219 1223 3276 et
1249 3209 1442 3291 Virtutibus,
1467 3219 1500 3275 et

341 3314 495 3396 omnibus,
511 3313 625 3399 quibus
638 3313 704 3380 vult
718 3311 854 3378 revelare
870 3313 917 3402 [Ι.
929 3313 950 3378 l.
966 3313 1109 3400 revelari]
1127 3314 1227 3380 Deua.

390 3586 893 3657 ¹Thatramlatarpsrbapsbadodctaby
945 3604 1012 3640 sons
1038 3604 1102 3642 wera
1122 3588 1184 3642 uos
1204 3587 1255 3641 and
1268 3589 1389 3650 'Euboea
1417 3591 1498 3642 other»

341 3668 448 3720 mistalrs
462 3671 501 3719 sor
514 3671 587 3731 αἰτία,
601 3670 651 3720 and
667 3676 743 3720 wrote
758 3671 893 3720 mbaeontla
944 3670 1003 3721 wlss
1016 3674 1120 3736 Οὐρανὸς
1130 3669 1181 3722 aad
1189 3671 1232 3733 Γῆ.
1262 3669 1341 3722 Hm.
1354 3671 1404 3723 Pa
1415 3683 1495 3736 vare

341 3750 438 3800 instead
460 3752 489 3801 ol
514 3767 603 3809 cauam·
630 3751 751 3816 certainly
772 3753 834 3802 such
859 3770 892 3802 au
944 3753 1497 3820 Haborrowsdthsnotionapparsntlyfrom

340 3831 497 3882 emendation
508 3833 590 3882 would
605 3833 654 3883 add
666 3833 733 3882 force
744 3838 770 3882 to
782 3835 825 3884 the
835 3851 890 3898 pas·
945 3835 1043 3896 Porro,
1060 3851 1081 3886 a.
1091 3853 1116 3900 g.
1135 3836 1179 3885 the
1195 3834 1290 3900 cloaing
1306 3835 1389 3885 worda
1406 3837 1436 3885 of
1454 3837 1497 3885 tba

339 3931 412 3980 aage3
430 3916 469 3964 lor
479 3915 587 3965 whereas
599 3915 734 3979 Demiurge
746 3915 892 3965 modswith·
946 3916 1052 3965 Titanus
1078 3932 1127 3978 ara,
1164 3919 1233 3966 stuba
1259 3920 1304 3967 τοῦ
1330 3915 1420 3978 murari
1445 3922 1497 3968 θεὸς
1583 3904 1584 3945 l

340 4003 386 4046 ont
402 3999 476 4062 being
492 3999 535 4047 the
551 4013 621 4047 enum
636 3998 665 4046 of
678 3997 711 4046 all
727 3997 820 4062 things,
834 3999 893 4048 bera
944 4000 1065 4058 αἰσθητὸς,
1079 4000 1194 4061 μέγιστοι
1210 3999 1250 4047 rat
1261 4001 1358 4061 ἄριστοι
1368 4002 1498 4050 κάλλη-ὠς

340 4077 465 4127 maratica
482 4095 510 4128 aa
528 4078 582 4128 well
599 4094 626 4126 aa
642 4079 748 4128 motion
763 4079 845 4128 would
861 4080 892 4128 be
944 4099 972 4131 τε
993 4085 1034 4132 ant
1055 4086 1204 4134 τιλοώτατος
1225 4085 1326 4148 mum
1348 4085 1381 4135 ela
1403 4087 1498 4150 etpvdt

339 4159 450 4208 asenbed
465 4165 491 4209 to
504 4161 547 4210 ths
562 4160 653 4225 Deity;
669 4158 720 4209 and
729 4161 799 4210 thara
810 4161 892 4210 would
943 4165 991 4226 ὅδε,
1008 4167 1137 4226 μονογενὴς
1153 4166 1193 4216 dv.

341 4241 371 4291 bs
385 4257 401 4290 a
417 4242 516 4306 regular
532 4243 581 4292 risa
598 4244 625 4292 in
644 4244 687 4292 the
704 4244 808 4307 subject,
826 4243 891 4292 from
992 4248 1003 4282 ¹
1019 4251 1036 4299 i.
1045 4267 1067 4300 a.
1081 4246 1195 4310 Barbelo,
1213 4264 1239 4315 p.
1249 4263 1305 4301 aar.

341 4325 423 4384 ποιεῖν,
443 4326 546 4385 κοσμεῖν,
562 4327 648 4387 relatu,
663 4331 690 4375 to
707 4327 750 4374 tbe
764 4341 851 4375 source
865 4327 895 4374 ol
992 4325 1004 4358 ⁴
1026 4325 1126 4376 vanum
1142 4333 1164 4375 a
1179 4325 1341 4388 septenam
1360 4325 1405 4376 th·
1425 4343 1498 4392 tyno·

339 4404 372 4452 all
383 4406 516 4456 mmmm.
942 4419 1017 4472 nyma
1027 4408 1053 4456 in
1065 4417 1102 4457 Π.
1114 4407 1209 4457 xxxvii.
1222 4408 1252 4455 nl
1258 4407 1341 4457 Filios
1348 4415 1370 4457 α
1378 4408 1495 4472 speum.

388 4485 400 4517 ¹
414 4487 447 4536 In
469 4488 513 4536 the
532 4493 624 4552 systarn
643 4486 672 4537 ol'
692 4486 777 4538 Simon
797 4485 891 4552 Magna
942 4487 1005 4538 Sunt
1015 4488 1036 4538 ia
1045 4489 1152 4538 omitted
1162 4489 1357 4554 bytbsOrm.
1365 4487 1436 4550 MS,
1450 4492 1467 4542 i.
1476 4509 1495 4543 a.

339 4569 383 4617 the
393 4569 448 4618 tlrst
458 4570 513 4634 pair
530 4569 559 4619 ot*
572 4569 611 4620 bin
628 4569 748 4634 principal
761 4569 855 4620 Heotod
866 4570 895 4619 of
943 4572 983 4621 nal
994 4572 1076 4621 ardna
1087 4572 1112 4621 la
1123 4572 1212 4624 adroic.
