3225 5184
333 374 398 440 206
780 392 1041 445 aaarocearrs

172 564 315 650 gfff-1¹:353:
333 550 367 622 di
392 550 479 624 κατὰ
508 552 627 637 μηδένα
653 555 901 627 ἇπολείπεσθαι
929 562 991 629 τοῦ
1018 554 1139 637 Ἰησοῦ.
1203 552 1276 632 Τὰς
1305 552 1340 625 δὲ
1370 552 1489 651 φυχᾶς
1502 584 1571 668 §iffi

167 658 319 743 uasspiaxv·
332 665 437 736 αύτῶν
454 667 488 737 ἐκ
501 675 558 749 τῆς
576 670 814 764 ῐὺπερκειμὲνης
827 666 976 762 ἔξουσίας
994 663 1076 773 [ΕΡ.
1088 676 1145 750 τῆς
1163 669 1259 749 αιἠἣς
1279 662 1488 772 περιφορᾶς]
1502 678 1572 716 vuer.

332 780 512 877 παρούσας,
550 780 603 849 καὶ
642 778 693 851 διὰ
728 787 834 852 τοῦτο
869 783 1022 857 ὡσαύτως
1050 786 1294 880 ακαταφρονεῖν
1312 776 1354 885 [l.
1370 811 1396 850 c.
1413 785 1488 849 ΙΝΤ.

331 886 630 995 καταφρονοῦσας]
669 898 736 965 τῶν
770 898 984 977 κοσμοποιῶν
1016 891 1068 962 διὰ
1104 902 1162 975 τῆς
1198 895 1295 976 αὐτῆς
1330 891 1488 987 ἠξιῶσθαι

334 1002 499 1088 δυνάμεως,
524 1005 576 1074 καὶ
596 1002 684 1081 αὖθις
710 1008 752 1081 είς
776 1005 819 1078 τδ
840 1006 923 1078 αύτδ
951 1013 1110 1105 χωρῆσαι.
1163 1006 1212 1076 Εἰ
1236 1004 1272 1075 δέ
1294 1037 1346 1082 τις
1370 1006 1491 1076 ἐκείνου

334 1116 439 1186 πλέον
465 1122 748 1217 καταφρονήσειεν
775 1123 842 1189 τῶν
871 1120 1021 1201 ἐνταῦθα,
1052 1116 1206 1189 δύνασθαι
1237 1117 1491 1218 διαφορώτερον

334 1228 435 1301 orirer]
451 1226 619 1328 ὑπάρχειν.

414 1364 445 1411 2.
497 1340 651 1439 3Τεχνδς
681 1340 735 1413 οὖν
770 1342 914 1436 μαγικᾶς
944 1342 1200 1444 ἐξεργαζόμενοι
1234 1343 1286 1414 καί
1323 1340 1490 1427 ε’παοιδᾶς,

337 1452 470 1554 φίλτρα
488 1487 527 1526 τε
544 1456 597 1525 καί
616 1459 810 1555 χαριτήσιο,
832 1455 1013 1557 παρέδρους
1027 1490 1067 1528 τε
1083 1456 1136 1526 καί
1156 1456 1416 1556 όνειροπόμπους
1433 1456 1491 1526 καὶ

335 1564 380 1637 'rd
405 1566 510 1639 λοιπὰ
534 1574 801 1667 κακουργήματα,
831 1568 1018 1669 φάσκοντες
1042 1568 1194 1664 ἐξουσίαν
1221 1570 1309 1664 ἔχειν
1336 1566 1420 1667 πρὸς
1445 1567 1493 1639 τό

335 1682 484 1778 κυριεύειν
505 1679 562 1763 ήδη
585 1686 651 1752 τῶν
677 1682 850 1781 ἀρχόντων
878 1684 931 1752 καὶ
959 1687 1104 1765 ποιητῶν
1132 1680 1231 1754 τοῦδε
1261 1687 1324 1753 τοῦ
1351 1681 1490 1765 κόσμου,

335 1794 394 1863 ⁴orl
417 1794 478 1877 μήν
506 1791 596 1863 ἀλλὰ
623 1794 676 1863 καί
702 1799 767 1865 τῶν
793 1796 826 1864 ε’ν
848 1796 942 1885 αύτῷ
961 1792 1153 1879 ποιημάτων
1179 1791 1342 1878 ἁπάντων,
1372 1795 1493 1870 οἵτινες

335 1905 389 1975 καὶ
422 1906 515 1978 οὗτοί
544 1908 586 1983 εἷς
613 1904 775 1993 διαβολήν
801 1912 865 1978 τοῦ
892 1908 979 1978 θείου
1002 1916 1059 1991 τῆς
1088 1908 1289 1990 Ἐκκλησίας
1316 1907 1491 1991 ὀνόματος,

336 2016 420 2116 πρὸς
438 2013 480 2122 [l.
498 2021 537 2095 ὡς
555 2013 629 2123 καί]
648 2017 692 2090 τὰ
711 2021 783 2101 ἔθνη
809 2019 873 2091 ὑπὸ
896 2026 958 2093 τοῦ
980 2021 1119 2091 Σατανᾶ
1142 2022 1412 2120 προεβλήθησαν,
1435 2020 1491 2089 ἵνα

336 2128 408 2201 κοτ’
435 2128 542 2201 ἄλλον
559 2130 612 2200 καὶ
632 2131 890 2232 ἄλλοντρόπον
909 2131 953 2205 τὰ
973 2134 1095 2203 ἐκείνων
1117 2134 1288 2209 ἀκούοντες
1309 2131 1489 2232 ἅνθρωποι,

336 2325 368 2389 in
387 2325 472 2390 nullo
490 2326 680 2392 deminorari
704 2328 832 2393 aJesu.
887 2328 1016 2393 Animas
1039 2329 1122 2393 enim
1147 2329 1287 2415 ipsorum
1311 2351 1350 2394 ex
1375 2328 1489 2393 eadem
1587 2375 1588 2380 η

337 2424 576 2491 circumlatione
591 2427 803 2503 devenientes,
824 2439 857 2493 et
871 2429 942 2493 ideo
957 2427 1104 2492 similiter
1120 2437 1362 2494 contemnentes
1377 2429 1488 2493 mundi

336 2525 553 2601 fabricatores,
566 2529 677 2593 eadem
691 2529 804 2615 dignas
820 2529 948 2595 habitas
963 2552 1031 2593 esse
1046 2528 1175 2607 virtut-e,
1188 2537 1222 2593 et
1235 2551 1343 2593 rursus
1356 2529 1388 2593 in
1402 2528 1488 2591 idem

336 2624 434 2691 abire.
483 2627 517 2692 Si
535 2628 605 2713 quis
622 2636 729 2693 autom
750 2628 821 2714 plus
840 2652 936 2714 quam
953 2628 1005 2693 ille
1020 2629 1247 2715 contempserit
1265 2652 1304 2694 ea
1320 2650 1391 2715 quae
1409 2638 1486 2693 sunt
1587 2699 1588 2714 φ

336 2724 396 2799 λία,
416 2750 506 2813 posse
523 2727 683 2792 meliorem
697 2751 792 2816 quam
811 2728 897 2795 illum
913 2750 988 2793 esse.

414 2832 444 2895 2.
478 2830 579 2891 Artes
596 2828 680 2891 enim
701 2828 839 2914 magicas
857 2836 1031 2915 operantur
1048 2836 1082 2893 et
1099 2828 1169 2914 ipsi,
1186 2835 1221 2894 et
1242 2828 1485 2901 incantationes,

337 2925 456 3011 philtra
484 2947 608 3011 quoque
636 2935 670 2991 et
699 2928 879 3005 eharitcsia,
904 2937 938 2993 ct
961 2928 1122 3013 paredros.
1142 2937 1176 2994 et
1200 2928 1432 3014 oniropompos,
1450 2934 1486 2991 et

337 3024 474 3110 reliquas
492 3025 745 3111 malignationes‚
768 3026 910 3093 dicentes
929 3051 963 3093 se
980 3035 1175 3114 potest-atem
1191 3028 1309 3092 habere
1326 3027 1368 3092 ad
1385 3025 1486 3091 domi-

335 3126 477 3189 nandum
498 3125 567 3210 jam
592 3126 785 3212 principibus
816 3135 849 3193 et
874 3128 1119 3195 fabricatoribus
1141 3128 1235 3213 hujus
1259 3126 1389 3192 mundi:
1421 3148 1486 3190 non

335 3224 436 3289 solum
453 3233 571 3301 antem,
586 3226 642 3291 sed
658 3236 692 3292 et
708 3226 757 3291 his
774 3226 929 3305 omnibus,
948 3250 1018 3314 quae
1036 3228 1069 3291 in
1086 3250 1124 3292 eo
1138 3236 1213 3293 sunt
1230 3228 1325 3293 facta.
1369 3226 1435 3303 Qui
1451 3234 1485 3291 et

335 3324 394 3410 ipsi
414 3327 454 3390 ad
472 3326 758 3393 ⁵detrectationem
776 3327 876 3391 divini
894 3326 1045 3393 Ecclesiae
1062 3328 1207 3405 nominis,
1220 3327 1484 3414 quemadmodum

337 3430 371 3489 ct
383 3435 505 3511 gentes,
523 3449 543 3492 a
561 3426 682 3491 Satana
697 3426 851 3513 praemissi
867 3437 952 3503 sunt,
971 3428 1019 3492 uti
1036 3428 1209 3493 secundum
1226 3427 1322 3493 alium
1340 3435 1375 3492 et
1390 3426 1485 3491 aliurn

337 3525 474 3600 modurn,
494 3547 564 3611 qum
579 3536 654 3590 suut
671 3527 796 3591 illorum
812 3527 978 3592 audientes
995 3527 1147 3604 homines,
1166 3534 1200 3592 et
1217 3535 1368 3613 putantes
1378 3548 1488 3591 omnes

384 3702 581 3751 ¹H1rrourrus
599 3704 649 3753 aad
666 3704 837 3753 Trnrunnrau
859 3704 886 3753 in
935 3702 1058 3766 apostolis
1078 3710 1099 3751 α
1121 3711 1263 3766 pompam,
1288 3710 1309 3751 α
1331 3718 1386 3751 ενοι
1407 3702 1490 3750 oolam
1587 3753 1588 3772 ἶ

334 3789 393 3833 note
406 3799 427 3845 a,
450 3802 550 3849 express
567 3802 582 3834 a
599 3788 716 3836 manifest
738 3787 804 3851 gloss
821 3788 886 3835 from
931 3784 1491 3848 proeswant,puoaproiadedaecuhlimio·irtrrtc
1587 3787 1588 3844 l

334 3866 884 3929 themargin;Er1rnsu1neandthetrans·
935 3866 1083 3928 coacepm'at
1106 3865 1245 3929 deepeetrhe
1272 3865 1490 3929 mundipotention

334 3949 398 3997 lator
408 3964 522 4012 preserve
533 3950 574 3998 the
586 3954 654 3999 truer
664 3955 725 3999 text.
934 3947 1125 4010 principatuum.
1159 3948 1239 3997 Tm.
1252 3948 1341 3997 deda.
1356 3962 1397 4010 νς.

383 4029 462 4079 ¹The
480 4031 625 4080 translation
643 4048 721 4081 seems
737 4037 764 4081 to
786 4049 887 4097 express
984 4028 1092 4095 ⁸Seep.
1109 4045 1162 4096 194,
1176 4036 1248 4081 notes
1262 4048 1282 4091 1,
1297 4046 1321 4091 a,
1334 4046 1358 4093 3.
1587 4081 1588 4098 φ

334 4112 377 4161 the
389 4112 467 4160 words
479 4111 507 4159 of
521 4112 564 4161 the
575 4113 659 4161 writer
671 4114 753 4162 better
766 4114 828 4162 than
843 4115 887 4164 the
984 4112 996 4142 ⁴
1007 4114 1035 4161 ού
1048 4115 1095 4172 μὴν
1108 4116 1174 4163 ἀλλὰ
1191 4115 1238 4173 καί,
1255 4128 1307 4176 noy
1322 4113 1363 4161 hut
1378 4112 1488 4171 dilectrice,

335 4193 424 4255 Greek,
445 4192 526 4243 which
542 4210 601 4259 may
617 4194 647 4243 be
663 4196 723 4243 thus
744 4196 886 4245 corrected:
935 4194 978 4242 the
994 4195 1130 4243 translator
1146 4196 1213 4255 read,
1233 4197 1260 4243 od
1273 4196 1344 4254 μόνον
1358 4195 1425 4242 ἀλλὰ
1439 4196 1488 4243 καί.
1587 4215 1588 4218 “

336 4293 357 4323 κ.
371 4278 392 4326 δ.
406 4293 429 4325 τ.
443 4276 556 4325 ὡσαύτως
567 4278 761 4338 καταφρονοῦσαι
772 4279 820 4325 τῶν
831 4295 885 4327 roc-
983 4276 995 4307 ⁸
1011 4277 1198 4327 detrectationem
1212 4280 1233 4327 is
1248 4278 1357 4327 restored
1370 4278 1435 4327 from
1446 4278 1491 4325 the

336 4355 449 4411 μοπαιῶν,
467 4354 509 4411 τῆς
532 4354 605 4411 αὐτῆς
627 4355 740 4412 ἠξιῶσθαι
759 4356 885 4415 δυνάμεως,
936 4360 1036 4409 Cam.
1050 4360 1107 4410 MS.
1120 4363 1178 4419 ;the
1189 4365 1296 4410 Anum
1306 4360 1364 4410 MS.
1376 4360 1491 4409 followed

338 4436 419 4483 κ.τ,λ.
442 4432 683 4495 &decerpam-ara
691 4435 889 4484 animam-citt
934 4440 969 4504 by
981 4441 1075 4489 Garun
1091 4443 1136 4491 hm
1153 4442 1329 4491 damiam.
1362 4442 1418 4490 Tho
1435 4442 1489 4491 An,

337 4512 367 4561 dc
388 4513 551 4575 superioribus
572 4515 688 4575 vindicta,
716 4523 743 4563 ut
768 4516 888 4579 dietfpuli
936 4520 985 4568 and
997 4522 1040 4571 Cu.
1055 4522 1131 4573 MSS.
1144 4524 1206 4571 both
1216 4524 1280 4571 hare
1290 4522 1372 4571 divini
1382 4522 1492 4572 nectar

337 4595 387 4655 ejus
400 4594 497 4643 animat
510 4610 567 4643 ευαε
578 4596 632 4659 jora
649 4602 669 4645 rt
684 4595 786 4658 Christo,
799 4599 888 4647 nodum
936 4602 1047 4651 norninir.
