3225 5184
316 357 383 422 134
792 371 980 424 asrrorms

163 591 207 632 (m
218 591 234 630 i.
244 601 265 630 x.
274 592 293 630 2.

153 544 305 586 mmm·
318 529 403 602 ἰδίαν
428 527 611 629 ἕκφιίνησιν
638 529 770 622 ἔκβοᾷν,
798 527 851 600 iai
885 527 930 602 τὸ
960 528 1006 613 μή
1037 528 1195 600 θίνιισθοι
1226 527 1283 598 ἕνα
1315 526 1359 599 τὸ
1390 529 1473 600 ὅλον
1486 554 1570 640 m

155 637 306 722 tussibus.
1485 647 1555 686 'Mt

318 643 482 742 ἕκφιονεῖν.

158 755 307 766 “⁸'‘-
398 777 432 844 4.
479 753 601 826 Ταῦτα
627 749 662 824 δὲ
687 752 927 852 σαφηνίσασαν
949 753 1038 842 αὖτῷ
1066 751 1127 834 τήν
1154 751 1338 850 τετρακτὺν
1360 754 1472 822 εἰπεῖν·

321 866 429 938 ιθέλον
456 863 492 938 ds'
524 897 580 938 σοι
615 866 669 936 καί
701 866 800 948 αι’ντήν
831 862 989 959 ἐπιδεῖξαι
1018 865 1080 947 τήν
1106 861 1297 947 Ἀλήθειαν.
1354 863 1560 954 Κατή-,ῃθλ

323 1005 436 1069 γογον
464 975 535 1077 γὰρ
563 977 663 1061 αι’ντήν
688 977 723 1048 ἐκ
748 982 815 1049 τῶν
835 973 976 1076 ὕπερθεν
993 974 1160 1061 δωμάτιον,
1182 977 1224 1047 ’ἶν’
1239 974 1348 1069 ἐσίδῃς
1373 975 1474 1057 αὑτήν

322 1089 453 1181 γυμνήν,
479 1090 533 1159 καί
569 1087 775 1172 καταμάθοις
800 1085 870 1195 [Η.
901 1082 1112 1192 καταμάθῃς]
1141 1086 1186 1159 τὸ
1211 1088 1338 1164 κάλλος
1365 1088 1473 1169 adria·

321 1198 414 1272 ἆλλᾶ
436 1200 491 1272 καί
517 1201 655 1294 ἆκοιίσῃς
676 1203 773 1284 atrio
797 1203 975 1286 λαλούσης,
993 1201 1048 1271 καί
1066 1201 1236 1294 θαυμάσῃς
1254 1198 1298 1272 τὸ
1316 1200 1473 1298 φρόνημα

322 1314 429 1396 αὐτῆς.
470 1309 563 1410 Ὅρα
593 1311 648 1384 οὖν
674 1313 826 1412 κεφαλήν
853 1313 927 1398 άνιο,
955 1311 999 1385 τὸ
1024 1312 1124 1412 ἄλφα
1148 1313 1203 1384 καὶ
1225 1309 1269 1384 τὸ
1286 1343 1319 1396 ω,
1341 1307 1411 1418 [Η.
1429 1310 1556 1388 rdosa

323 1429 459 1523 πρῶτον
479 1421 578 1524 ἄλφα
602 1419 646 1529 ω]
672 1427 849 1524 τράχηλον
873 1424 908 1496 di
932 1426 961 1512 β
987 1425 1042 1496 καὶ
1071 1422 1116 1518 ψ,
1145 1423 1250 1508 ὤμους
1275 1422 1346 1508 άμα
1374 1423 1475 1522 χερσὶ

323 1537 420 1630 γκαὶ
443 1567 477 1632 χ,
505 1540 613 1620 στήθη
635 1536 655 1607 d
679 1537 733 1608 soi
762 1543 801 1637 φ,
832 1534 1035 1637 διάφραγμα
1061 1532 1131 1642 [H.
1152 1529 1321 1640 φράγμα]
1343 1536 1430 1608 ικαὶ
1447 1567 1474 1620 ν,

324 1654 427 1721 νῶτον
456 1643 527 1754 [Η.
547 1644 696 1754 κοιλίαν]
725 1648 826 1750 (rai
855 1683 887 1734 τ,
915 1650 1045 1720 κοιλίαν
1074 1645 1145 1753 [H.
1166 1644 1296 1754 aldoin]
1318 1680 1336 1731 η
1362 1647 1416 1720 καί
1441 1677 1476 1731 σ,

322 1761 443 1859 μηροὺς
467 1765 488 1832 θ
511 1761 566 1832 καί
590 1792 623 1860 ρ,
652 1763 783 1854 γόνατα
805 1793 816 1831 ι
842 1761 897 1832 καὶ
925 1794 962 1845 τ,
987 1766 1106 1845 κνήμας
1133 1792 1152 1831 κ
1180 1761 1234 1832 καί
1261 1792 1290 1847 ο,
1310 1757 1429 1861 σφυρὰ
1451 1766 1477 1830 λ

323 1873 377 1943 καί
401 1869 431 1965 ξ,
450 1870 555 1949 πάθας
578 1903 603 1955 μ
624 1872 678 1944 καί
704 1904 730 1944 ν.
774 1873 894 1945 Τοῦτό
921 1875 997 1945 ἔστι
1025 1871 1070 1945 τὸ
1096 1877 1193 1956 σῶμα
1221 1881 1279 1955 τῆς
1303 1871 1391 1946 κατὰ
1415 1869 1478 1944 τὸν

323 1983 436 2074 μάγον
462 1983 652 2066 Ἀληθείας·
695 1990 801 2056 τοῦτο
832 1984 876 2057 τὸ
914 1993 1031 2080 σχῆμα
1065 1990 1129 2056 τοῦ
1162 1986 1345 2082 στοιχείου,
1380 1984 1478 2060 οὗτος

324 2097 344 2164 ὁ
368 2095 545 2194 χαρακτήρ
564 2101 627 2167 τοῦ
649 2097 860 2196 γράμματος.
909 2097 980 2168 Καί
1003 2105 1100 2170 καλεῖ
1117 2095 1161 2170 τὸ
1180 2106 1350 2192 στοιχεῖον
1368 2099 1475 2166 τοῦτο

322 2204 558 2304 *Ἄνθρωπον
588 2205 670 2279 εἶναί
693 2240 733 2281 τε
756 2213 867 2301 τηγήν
888 2216 993 2308 φησιν
1023 2208 1105 2282 atri
1130 2208 1256 2285 παντὸς
1283 2208 1400 2298 λόγον,
1419 2205 1477 2277 καὶ

324 2435 435 2482 oomm
451 2437 541 2482 snam
554 2418 806 2486 enuntiationem
822 2421 1009 2498 exclamare,
1026 2422 1164 2509 eoquod
1178 2443 1243 2488 non
1254 2418 1477 2506 positurarum,

324 2516 401 2580 illud
419 2517 503 2602 quod
521 2523 570 2582 est
587 2524 693 2583 totum
710 2521 885 2586 enuntiare.

401 2620 432 2682 4.
473 2615 554 2680 Haee
570 2615 678 2706 itaque
696 2627 912 2705 exponentem
929 2620 958 2686 ei
976 2621 1256 2711 qnatemationem
1269 2619 1387 2684 dixisse
1404 2614 1478 2712 [de-

325 2714 417 2791 disse,
432 2713 529 2779 MSS.
543 2715 599 2782 Cr.
614 2717 677 2782 As.
695 2715 788 2783 Voss.
800 2717 897 2803 tot:
916 2717 1000 2784 Volo
1011 2726 1120 2786 antem
1134 2720 1195 2787 tibi
1204 2727 1238 2784 et
1255 2719 1358 2805 ipsam
1373 2724 1480 2783 oston-

325 2815 401 2879 dere
417 2811 609 2882 Veritatem.
663 2816 804 2902 Deposui
821 2817 905 2883 enim
922 2819 1008 2884 illam
1033 2819 1074 2884 de
1096 2819 1310 2904 superioribus
1327 2815 1478 2892 [edificiis.

324 2919 362 2977 ut
379 2911 611 2998 circumspioias
628 2935 698 2979 eam
712 2916 840 2991 nudam,
851 2925 886 2983 et
898 2918 1051 2984 intuearis
1068 2918 1301 2983 formositatem
1314 2918 1402 3002 ejns;
1421 2916 1478 2980 sed

325 3017 359 3075 et
374 3010 484 3074 audias
508 3033 579 3075 eam
594 3011 787 3098 loquentem,
814 3025 848 3082 et
870 3017 1036 3082 admireris
1056 3017 1245 3104 sapientiam
1262 3017 1340 3102 ejus.
1393 3013 1481 3080 Vide

325 3109 402 3196 quid
419 3109 518 3196 igitur
531 3108 564 3173 in
580 3121 677 3198 eaput
690 3114 757 3198 ejus
770 3137 904 3194 sursum,
918 3117 1056 3203 primum
1072 3122 1099 3184 A
1116 3122 1150 3183 et
1162 3121 1200 3183 Ω
1228 3116 1352 3182 Collum
1368 3121 1479 3180 autem

328 3212 405 3274 Bet
423 3213 465 3276 Ψ.
518 3209 680 3275 Homeros
705 3236 778 3278 enm
801 3217 949 3282 manibus
970 3219 997 3284 Γ
1017 3224 1052 3282 et
1080 3220 1123 3284 X.
1175 3217 1295 3281 Peotns
1322 3221 1353 3284 Δ
1378 3220 1413 3280 et
1437 3216 1479 3281 Φ.

324 3307 472 3374 Cinctum
493 3311 568 3375 Eet
586 3313 627 3377 Υ.
679 3309 837 3379 Ventrem
855 3319 931 3382 Zet
947 3319 988 3382 T.
1040 3314 1193 3381 Verenda
1220 3317 1252 3382 H
1277 3321 1311 3379 et
1328 3317 1366 3381 Σ.
1417 3311 1481 3377 Fe-

324 3428 414 3471 mora
431 3410 461 3474 Θ
477 3413 511 3473 et
529 3410 564 3474 P.
611 3407 725 3476 Genua
744 3414 759 3479 Ι
778 3421 812 3479 et
832 3417 873 3481 ss.
899 3414 1008 3479 'libias
1028 3417 1055 3481 K
1073 3420 1108 3480 et
1126 3419 1166 3482 0.
1216 3413 1322 3479 Crura
1342 3419 1367 3481 Α
1386 3419 1420 3478 et
1437 3415 1480 3482 E·

324 3505 425 3569 Pedes
447 3509 482 3572 M
502 3512 536 3571 et
555 3509 597 3572 N.
651 3508 725 3574 Hoe
742 3519 792 3578 est
817 3536 931 3602 eorpus
950 3513 1029 3601 ejus,
1051 3536 1122 3600 quoe
1148 3523 1198 3579 est
1220 3513 1395 3578 seeundum
1413 3533 1481 3577 ma·

321 3624 409 3688 gum,
423 3601 603 3683 Veritatis;
631 3607 700 3674 haeo
714 3609 818 3696 figura
834 3612 992 3690 elementi,
1010 3613 1063 3677 hio
1088 3613 1255 3678 oharnoter
1269 3612 1381 3677 literar.
1433 3609 1481 3676 Et

323 3709 415 3766 voest
437 3701 628 3770 elementum
649 3706 720 3786 hoo,
743 3707 937 3780 Hominem:
963 3735 1032 3778 esse
1056 3720 1165 3779 autem
1192 3711 1315 3777 fontem
1337 3710 1385 3778 sit
1407 3731 1481 3778 enm

371 3883 381 3916 1
399 3885 433 3934 s.
449 3885 633 3949 numnam„
651 3889 701 3940 on.
720 3891 771 3941 ...a
787 3893 875 3945 mass.
926 3896 970 3944 n.
986 3895 1060 3945 aas
1080 3867 1160 3957 stne
1179 3895 1238 3958 οον
1253 3897 1275 3944 a
1291 3895 1313 3944 a
1331 3894 1393 3954 are,
1413 3893 1481 3946 nna

324 3965 381 4014 os..
392 3966 430 4026 ιη.
925 3949 1013 4040 aaa.
1036 3975 1099 4028 nos
1124 3978 1207 4028 anno
1226 3979 1288 4033 τνο
1309 3975 1372 4027 nos
1392 3975 1483 4038 neap

368 4044 540 4112 ’Ἄνθρωποι
562 4049 615 4102 Tne
629 4052 733 4118 Ophites
750 4062 779 4106 or
795 4057 876 4107 Nass-
931 4058 965 4108 Yc
985 4075 1029 4108 οτι
1046 4059 1126 4109 ended
1143 4075 1199 4110 m
1217 4058 1327 4124 (Adon)
1342 4059 1439 4109 m
1454 4057 1486 4121 ’θ’

319 4127 475 4193 senes'(trom
489 4131 548 4181 tm}
573 4136 676 4199 ιαγσιιι)
687 4153 751 4188 were
765 4140 810 4188 the
822 4156 877 4204 pre
925 4139 964 4189 tte
973 4139 1108 4205 (spiritual)
1118 4142 1172 4191 eost
1186 4141 1238 4190 aas
1251 4156 1301 4205 γοιι
1315 4139 1482 4203 τιοιίοιίινπ

320 4223 418 4258 cursore
441 4211 470 4260 of
489 4212 650 4276 Gnostioism,
672 4217 723 4266 and
744 4219 806 4284 they
821 4221 878 4270 first
925 4222 1195 4286 tdsSspmeAdon:
1210 4225 1258 4274 but
1268 4225 1311 4273 the
1321 4224 1483 4273 haetheum

319 4287 446 4340 bomem
463 4293 506 4344 the
523 4294 673 4346 Oabbalistie
688 4299 775 4348 notion
791 4301 877 4350 ottho
926 4307 972 4352 not
982 4303 1101 4368 dignified
1110 4305 1145 4370 by
1155 4305 1206 4354 this
1218 4321 1301 4364 name,
1316 4320 1345 4354 ss
1357 4304 1483 4370 reoeidng

318 4368 403 4418 Adam
421 4371 533 4423 Csdmon
556 4391 585 4424 or
602 4376 686 4426 Adam
707 4377 789 4440 Elion,
810 4380 876 4432 from
926 4398 943 4432 a
963 4398 1030 4434 mers
1049 4385 1143 4436 animai
1163 4385 1219 4436 soal
1237 4401 1267 4434 or
1282 4384 1340 4436 W
1357 4384 1422 4436 stom
1437 4385 1482 4434 the
1512 4417 1520 4424 ·

319 4447 401 4498 whom
415 4451 458 4502 tha
474 4453 544 4504 Jews
561 4471 625 4506 were
641 4459 732 4522 taught
743 4464 771 4508 to
781 4460 876 4512 believe
925 4463 1010 4514 Δάοις
1021 4465 1111 4528 Belial,
1125 4468 1246 4528 οτχιῦιὸι
1261 4467 1291 4516 of
1304 4468 1348 4517 the
1364 4466 1479 4517 Gnostio.

317 4527 373 4578 that
393 4531 457 4582 their
475 4534 542 4586 souis
559 4551 622 4584 wem
638 4537 752 4599 derissd;
773 4555 791 4590 ι.
802 4557 828 4604 ῃ.
848 4543 875 4591 in
926 4544 1099 4598 Hirrotrrus
1114 4564 1172 4613 says
1182 4549 1262 4598 ottho
1272 4548 1428 4600 Numanae:
1442 4546 1480 4600 oi·
