3225 5184
486 410 528 463 IN
555 412 797 469 IGNORANTIA
822 412 959 470 OMNIA.
1227 401 1293 467 261

1271 586 1276 593 ’
1308 592 1361 634 ua
1368 593 1398 633 ιι.
1407 594 1435 633 iv.
1444 595 1461 635 1.

622 621 724 686 CAP.
753 620 815 685 1v.
1326 640 1440 679 caua.

1315 686 1392 771 ἊΑΒῗ.
1398 686 1428 725 11.
1434 696 1456 725 v.

141 752 325 844 Quoniam
342 752 535 831 inuisibilia
551 754 700 855 quidem
716 771 766 833 est
776 758 905 850 Pater,
920 758 984 834 aed
996 784 1069 834 ooo
1082 756 1294 857 incognitos,
1308 756 1458 815 -ss—

213 898 327 971 neque
361 873 535 971 ignorare
566 901 648 949 enon
677 874 827 974 quidem
853 889 1029 975 poterant
1051 873 1295 976 angelitica

208 990 418 1091 plurimum
434 990 603 1067 deorsum
620 990 750 1091 dejecti
765 1007 878 1067 essent
895 993 943 1068 ol>
961 1020 1012 1068 eo.

141 1158 169 1220 1.
216 1156 386 1222 Anvnnsue
413 1180 468 1226 eoa
495 1157 598 1245 igitur
624 1159 679 1246 qui
706 1160 820 1224 dieunt
846 1172 943 1226 extra
969 1159 1131 1234 Pleroma,
1158 1160 1209 1225 uel
1234 1160 1295 1225 eub

138 1258 222 1321 bono
240 1257 322 1336 Deo,
340 1257 425 1323 huno
442 1259 596 1323 mundum
613 1260 744 1336 iactum,
763 1282 888 1345 eaquae
905 1260 1002 1346 paulo
1016 1267 1094 1325 ante
1111 1259 1295 1329 dictasunt

140 1377 160 1421 a
177 1356 278 1432 nobie,
296 1365 374 1443 apta
399 1366 490 1433 eunte
515 1366 549 1425 et
566 1359 798 1425 concludentur
814 1359 896 1424 talea
919 1381 992 1424 cum
1007 1366 1102 1445 patre
1118 1381 1177 1423 auo
1195 1361 1238 1425 ab
1254 1382 1294 1423 eo

140 1456 194 1541 qui
212 1462 262 1521 eet
275 1465 370 1524 extra
388 1458 547 1535 Pleroma,
565 1458 597 1521 in
615 1480 678 1544 quo
696 1459 794 1523 etiam
809 1465 844 1523 et
861 1458 1006 1523 desinere
1018 1480 1072 1523 eos
1088 1480 1215 1523 necesse
1231 1467 1293 1525 eat.

139 1557 304 1621 Adversus
321 1579 374 1621 eoe
390 1564 499 1623 autem
518 1558 571 1643 qui
589 1558 755 1632 dicuntia
771 1557 821 1622 hie
838 1579 912 1643 quae
929 1556 1136 1623 continentur
1147 1579 1168 1621 a
1181 1558 1293 1633 Patre,

139 1656 180 1721 ab
208 1655 278 1720 aliie
307 1656 496 1742 quibusdam
523 1658 644 1723 factum
672 1658 756 1723 hune
788 1658 953 1736 mundum,
980 1657 1184 1741 omniaque
1209 1680 1294 1725 nuno

139 1756 332 1831 dictasunt,
357 1757 497 1822 absurda
522 1764 556 1822 et
580 1756 837 1823 inconvenientia
862 1765 1046 1832 occurrent3
1077 1763 1111 1822 et
1137 1768 1294 1844 cogentur

139 1862 196 1922 aut
233 1856 341 1921 omnia
368 1855 476 1921 lueida
509 1864 543 1923 et
577 1858 673 1944 plena
699 1863 734 1922 et
763 1879 899 1946 operosa
928 1880 968 1922 ea
1001 1878 1072 1944 quae
1101 1864 1177 1922 eunt
1205 1858 1294 1923 intra

140 1954 274 2041 Patrem
292 1955 446 2033 confiteri,
466 1963 523 2022 aut
540 1966 711 2043 paternum
728 1956 835 2022 lumen
857 1979 1016 2033 accusare,
1035 1956 1125 2043 quasi
1142 1957 1213 2043 ¹qui
1229 1980 1294 2025 non

139 2056 240 2141 possit
258 2056 364 2121 omnia
375 2056 546 2123 luminare:
563 2066 620 2124 aut
637 2057 719 2123 siout
736 2079 822 2143 pare,
835 2056 881 2123 aio
898 2064 932 2121 et
950 2058 1131 2123 uniuersum
1145 2057 1295 2124 Pleroma

138 2155 278 2242 ipsorum
300 2178 444 2235 vacuum,
462 2163 497 2222 et
519 2157 751 2243 indispositum,
770 2163 805 2222 ct
830 2158 1035 2223 tenebrosum
1058 2157 1292 2237 confitendum

139 2264 173 2320 et
198 2256 322 2343 reliqua
346 2257 454 2323 omnia
478 2280 674 2343 quaecunque
701 2266 778 2323 sunt
801 2257 992 2323 conditionis
1014 2265 1176 2336 accusant,
1204 2258 1296 2344 quani

138 2356 327 2442 temporalia
341 2357 415 2436 sint,
434 2365 468 2423 et
485 2360 625 2423 ²aeterna
641 2357 761 2424 choica.
801 2359 867 2424 Aut
886 2357 967 2445 [At]
987 2357 1211 2425 inaccusabilia
1227 2381 1296 2425 ecee

138 2464 278 2541 oportet,
297 2478 369 2521 oum
389 2456 455 2521 sint
478 2457 564 2522 intra
583 2457 733 2523 Pleroma
758 2466 792 2523 et
818 2457 851 2521 in
876 2458 946 2521 einu
972 2459 1171 2543 patrimoni
1196 2459 1296 2525 etiam

38 2574 70 2612 u.
80 2575 121 2614 121.
139 2554 172 2619 in
183 2555 367 2620 uniuersum
385 2556 532 2621 Pleroma
547 2556 695 2622 similiter
711 2556 839 2621 venient
856 2556 1079 2621 incusationes.
1131 2557 1179 2622 Et
1200 2580 1296 2625 cauea

138 2654 329 2740 ignorantie
344 2654 524 2721 invenietur
542 2655 688 2723 Christus
705 2677 825 2720 eorum.
879 2655 970 2720 Siout
986 2656 1071 2720 enim
1088 2654 1208 2729 dicunt,
1223 2679 1296 2723 cum

138 2754 307 2819 formasset
332 2754 505 2819 seeundum
522 2754 752 2821 ³eubetantiam
773 2762 912 2819 matrem
938 2755 1089 2840 ipsorum,
1110 2755 1197 2819 forae
1221 2779 1295 2842 pro·

134 2852 214 2939 jecit
231 2854 344 2921 ⁴axtra
358 2854 513 2927 Pleroma,
525 2855 559 2919 id
577 2864 635 2930 eet,
650 2853 811 2943 separavit
827 2856 870 2921 ab
888 2854 1061 2943 agnitione.
1108 2856 1180 2941 lpee
1196 2855 1297 2942 igitur

138 2954 172 3020 iu
188 2976 227 3019 ea
243 2953 459 3042 ignorantiam
483 2953 570 3029 fecit,
588 2954 641 3041 qui
659 2954 821 3041 separavit
839 2978 910 3021 eam
926 2957 968 3021 ab
985 2954 1160 3041 agnitione.
1208 2957 1296 3034 Quo·

138 3054 235 3121 modo
260 3054 361 3143 igitur
384 3054 468 3119 idem
499 3054 567 3140 ipse
592 3054 722 3141 reliquie
752 3054 882 3140 quidem
910 3056 1079 3132 monibus,
1106 3056 1145 3121 iia
1174 3057 1230 3143 qui
1257 3080 1297 3123 eo

138 3154 315 3221 anteriores
340 3162 443 3231 erent,
467 3166 622 3242 praestare
647 3154 863 3243 ⁵agnitionem
890 3163 1031 3242 poterat,
1059 3156 1156 3222 matri
1186 3164 1297 3223 autem

138 3316 273 3365 translator
284 3315 403 3366 rendered
416 3332 443 3367 aa
458 3332 474 3366 a
488 3318 585 3382 passive
595 3314 693 3365 instead
742 3317 858 3381 possibile
884 3322 922 3368 eet
946 3318 1052 3367 salutem
1077 3319 1217 3382 percipere:
1245 3335 1297 3368 non

139 3397 168 3447 oi
179 3414 194 3446 a
205 3398 297 3447 middle
308 3400 376 3459 verb,
387 3398 446 3461 fleri
456 3398 553 3449 instead
564 3399 593 3447 oi
600 3398 691 3461 faeere.
742 3399 809 3447 enim
822 3414 874 3449 eeae
886 3400 957 3448 illum
973 3416 1089 3464 capacem
1102 3399 1190 3449 aalutia
1200 3400 1295 3461 dicunt,

187 3478 405 3543 1gna'ioomitted
417 3480 442 3529 in
455 3481 498 3529 the
508 3480 561 3529 Aa.
573 3479 631 3529 MS.
742 3479 883 3543 euioop.1.
901 3479 1023 3541 uo.1,11
1043 3480 1150 3543 aalma
1185 3480 1239 3533 But
1254 3482 1298 3531 the

187 3561 303 3611 ’mnae
319 3562 408 3611 eloica
446 3562 498 3611 Tne
515 3562 615 3611 Cannu.
634 3562 692 3611 MS.
742 3562 891 3611 trarmlntion
908 3579 967 3627 may
977 3568 1104 3629 represent
1114 3564 1157 3613 the
1171 3564 1298 3629 following

138 3642 183 3691 han
196 3641 381 3703 teano-choica,
397 3642 447 3691 and
463 3642 592 3692 Mesenen
605 3642 694 3706 adopta
742 3660 861 3709 passage:
891 3647 932 3694 rol
954 3646 1020 3695 ἅλλα
1042 3646 1124 3695 edna
1139 3648 1172 3695 τὰ
1188 3649 1232 3706 τῆς
1248 3649 1297 3695 rrl·

137 3725 181 3773 the
194 3722 314 3788 reading5
331 3725 379 3773 but
393 3726 415 3774 it
428 3725 463 3789 by
475 3741 509 3773 no
522 3741 609 3774 meana
623 3724 692 3773 satia·
743 3744 803 3777 σεως
820 3727 958 3789 ἐλέγχουσι,
980 3730 1067 3777 ὡσανεὶ
1083 3728 1219 3791 πρόσκαιρά
1235 3731 1295 3789 ἐστι,

138 3806 182 3855 liae
196 3807 239 3856 the
249 3805 390 3871 judgment.
427 3808 479 3857 For
493 3808 550 3858 how
562 3806 636 3857 could
651 3807 695 3856 the
744 3810 784 3857 rel
811 3812 844 3858 τὰ
870 3811 953 3859 αἰώνια
980 3811 1060 3871 χοϊκά.
1085 3811 1101 3861 i.
1111 3827 1132 3860 e.
1157 3809 1218 3858 Ana
1245 3810 1299 3873 they

139 3889 252 3953 complex
273 3888 330 3937 idea
348 3890 379 3939 ba
398 3890 529 3955 expreaced
550 3890 576 3938 ln
594 3889 694 3939 Greelrl
743 3890 831 3953 cierge
847 3891 883 3940 all
900 3891 965 3940 otim
976 3892 1099 3941 emam
1110 3891 1158 3953 (ie.
1171 3890 1298 3956 epiritud)

139 3970 189 4019 and
207 3971 250 4019 the
265 3970 399 4021 tmnehtor
414 3971 436 4021 la
453 3970 570 4020 aemvile
585 3970 696 4019 imitator
743 3972 801 4021 aaa
822 3973 861 4022 tle
881 3973 1058 4037 imperfectione
1079 3973 1109 4036 of
1127 3973 1165 4021 tiu
1186 3972 1299 4022 maurini

140 4054 169 4107 oi
177 4054 216 4103 hia
227 4070 298 4119 copy.
326 4054 421 4103 Gener
433 4054 604 4120 propoeeathe
615 4069 696 4103 emen·
744 4054 858 4114 motion
872 4069 901 4102 aa
916 4053 1005 4116 tioaqd
1017 4054 1085 4103 AEoa
1100 4053 1225 4103 ειιόιιαπσι
1238 4068 1299 4103 aare

140 4137 234 4198 datlen,
255 4152 285 4185 ae
303 4142 398 4185 morena
417 4143 438 4185 et
458 4136 550 4185 eloica.
584 4136 646 4185 And
665 4136 696 4185 he
744 4135 841 4201 equally
851 4132 986 4197 ephemerol
997 4132 1049 4183 aad
1059 4133 1133 4185 eicio.
1158 4134 1190 4184 ci.
1203 4146 1286 4185 vna.

139 4234 213 4281 eaye:
230 4216 305 4267 “Vooe
311 4222 413 4278 aterna,
424 4217 460 4265 ael
469 4230 571 4280 prorem
582 4216 693 4277 manda,
794 4216 805 4249 ³
822 4216 878 4266 Her
888 4216 1022 4265 iomration
1034 4216 1089 4265 κατ’
1101 4217 1184 4264 οὐσίαν
1195 4232 1244 4264 naa
1255 4216 1299 4265 the

139 4299 296 4351 odinoliom
303 4298 518 4349 mtmmmntundc.
542 4299 624 4362 Neque
631 4298 697 4349 mim
744 4303 839 4349 remote
849 4314 923 4348 cauae
933 4300 962 4347 os
969 4298 1013 4347 the
1023 4298 1137 4347 material
1147 4297 1232 4349 world.
1258 4298 1298 4349 (ll.

140 4381 246 4433 loreia
256 4379 568 4440 marceacum,
581 4380 695 4431 inocen-
744 4396 786 4445 pp.
802 4390 878 4441 17,n.
893 4394 924 4443 3;
938 4394 977 4443 3²,
991 4396 1017 4430 n.
1032 4394 1064 4441 η
1084 4392 1123 4445 39,
1136 4395 1162 4430 n.
1176 4397 1200 4442 4.

139 4464 277 4514 modim
289 4463 419 4513 medam
435 4464 469 4513 Τὸ
484 4464 567 4525 χοϊκὸν
582 4464 697 4513 ἀδύνατον
794 4460 875 4509 ⁴Th0
892 4462 944 4510 Aa.
963 4460 1020 4509 MS.
1040 4460 1267 4522 autumabat
1285 4478 1301 4512 a

140 4550 260 4611 σωτηρίας
270 4548 411 4608 μετασχεῖν·
420 4547 504 4609 οὐγὰρ
514 4546 574 4595 εἶναι
584 4546 698 4607 λέγουσιν
746 4558 821 4608 opaea
837 4543 860 4591 in
877 4543 930 4592 Mt.

140 4630 209 4677 αὐτοὶ
221 4629 329 4677 δεκτικὸν
340 4611 421 4689 αὐτῆς,
435 4627 479 4678 dee.
514 4626 633 4677 Ghoicum
652 4626 697 4675 im·
795 4624 805 4655 ⁸
823 4624 862 4673 Gi.
875 4640 916 4688 pp.
930 4636 970 4685 53,
983 4639 1008 4674 n.
1022 4639 1049 4686 ¹3
1067 4623 1105 4687 76,
1120 4642 1145 4678 n.
1157 4640 1178 4677 1.

242 4734 315 4781 voa.
336 4734 357 4781 r.
1157 4716 1200 4785 17
