3225 5184
600 417 648 470 nn
672 416 836 471 narrem.
1229 401 1295 473 279

136 565 337 655 principalem
351 568 514 657 ogdoaden
527 589 569 637 ex
584 568 673 657 Logo
686 576 720 638 et
734 567 811 657 Siga
824 576 977 649 constare,
993 570 1088 651 ¹[sed]
1111 576 1169 637 aut
1186 568 1293 657 Sigen,
1311 589 1453 631 nansi.

135 678 193 739 aut
219 670 332 760 ingen
354 671 509 737 refutent:
540 679 575 737 ct
595 672 698 739 soluta
718 680 768 739 est
789 672 913 739 illorum
932 672 1034 759 prima
1056 681 1090 739 st
1114 673 1294 760 principalis
1315 637 1444 770 ᾖξ’*
1412 729 1443 769 u

136 774 264 891 ogdoas.
310 775 345 841 Si
359 776 443 843 euim
457 775 563 843 unitas
575 774 811 863 conjugationes
832 776 976 856 dixerint,
998 775 1102 843 soluta
1118 785 1168 843 est
1186 799 1294 843 sorum
1307 775 1456 863 „Q

8 932 10 969 2
135 876 280 944 universa
304 879 546 967 argumentatio.
590 878 754 961 Quomodo
779 879 863 943 enim
886 879 983 945 unitis
1004 880 1060 958 eis,
1086 879 1251 967 Sophia
1225 902 1294 946 erue

136 980 272 1067 conjuge
293 980 396 1049 labem
416 978 596 1067 generavitt
641 980 676 1045 Si
697 989 805 1046 autem
827 981 912 1047 sicut
933 980 968 1047 in
990 981 1156 1049 emissione
1182 1003 1294 1047 unum·

136 1102 291 1169 quemque
319 1106 361 1149 ex
393 1082 555 1148 AEonibus
588 1082 745 1169 propriam
780 1084 990 1149 substantiam
1026 1084 1142 1151 hahere
1177 1085 1292 1164 dicent,

137 1186 398 1272 quemadmodum
412 1186 445 1251 iu
459 1188 569 1253 eodem
589 1187 713 1253 ostendi
726 1194 832 1273 potest
849 1188 924 1276 Siga
937 1196 972 1255 et
987 1187 1113 1275 Logosl
1156 1189 1202 1254 Et
1223 1188 1293 1255 haec

137 1288 262 1374 quidem
276 1290 447 1357 secundum
461 1289 707 1357 diminutionem.

203 1394 234 1457 2.
281 1391 459 1459 Secundum
472 1400 578 1458 autern
593 1393 626 1458 id
640 1392 723 1479 quod
737 1393 808 1480 plus
821 1401 880 1472 est,
895 1414 1003 1459 rursus
1015 1392 1145 1459 solvitur
1158 1392 1293 1459 triacon

136 1500 188 1564 tas
212 1494 350 1580 ipsorum
376 1495 439 1562 sic:
466 1496 627 1563 Emissum
650 1496 734 1561 euim
757 1517 777 1563 a
808 1496 990 1583 Monogene
1013 1496 1133 1575 dicunt,
1154 1496 1237 1563 sicut
1259 1502 1294 1561 et

136 1597 272 1685 reliquos
289 1602 426 1679 AEonas‚
444 1600 566 1681 Horou,
589 1622 682 1688 quam
706 1602 848 1688 phuimis
869 1600 1048 1667 nominibus
1064 1610 1187 1680 vocant,
1209 1601 1294 1668 sicut

136 1702 339 1788 prediximus
352 1703 386 1769 in
400 1726 449 1783 eo,
464 1704 518 1791 qui
539 1712 614 1769 aute
633 1704 718 1771 hunc
737 1714 787 1770 est
804 1703 894 1771 liber.
941 1703 1038 1771 Hunc
1052 1712 1159 1771 autem
1178 1704 1293 1771 Horon

137 1803 264 1890 quidam
285 1803 410 1891 quidem
431 1827 452 1871 a
474 1806 655 1893 Monogene
672 1805 822 1873 emissum
843 1806 962 1885 dieunt,
984 1806 1038 1872 alii
1062 1828 1135 1873 vcro
1160 1808 1201 1872 ab
1223 1806 1293 1893 ipso

136 1907 310 1995 Propatore
324 1907 574 1975 insimilitudine
595 1930 663 1977 sua.
706 1909 824 1977 Adhuc
845 1910 943 1976 etiam
964 1910 1162 1977 emissionem
1184 1910 1293 1977 dicunt

135 2009 253 2080 factam
277 2033 297 2077 a
322 2011 502 2099 Monogene
530 2012 667 2091 Christo,
696 2020 730 2079 et
756 2012 877 2099 Spiritu
902 2012 1031 2091 Sancto,
1057 2013 1234 2102 [Christum
1259 2020 1293 2079 et

137 2110 288 2197 Spiritum
304 2112 484 2199 Sanctum]
500 2120 534 2178 et
553 2114 612 2179 hos
629 2135 693 2178 nou
712 2121 920 2180 annumerant
938 2114 981 2181 ad
996 2136 1161 2181 numerum
1183 2115 1292 2181 Plero-

135 2214 251 2280 matis:
278 2215 335 2280 sed
359 2236 459 2301 neque
483 2215 686 2295 Salvatorem‚
709 2236 802 2304 quem
821 2216 917 2281 etiam
938 2217 1067 2282 ²Totum
1083 2238 1153 2282 esse
1172 2217 1292 2283 dicunt.

136 2316 211 2384 Hoc
232 2318 316 2383 enim
336 2318 535 2383 manifestum
551 2326 601 2384 est
620 2326 653 2385 et
676 2340 770 2398 caeco,
787 2319 935 2406 quoniam
954 2341 1018 2385 non
1038 2320 1140 2386 solum
1158 2321 1291 2408 triginta

134 2420 317 2487 scissiones
333 2421 504 2486 secundum
521 2418 590 2485 illos
610 2420 733 2485 emissae
752 2430 837 2499 suut,
859 2423 915 2486 sed
929 2429 962 2487 et
976 2431 1110 2508 quatuor
1129 2443 1202 2488 cum
1222 2423 1292 2488 istis

134 2545 212 2589 xxx.
256 2523 366 2609 Ipsum
387 2522 471 2588 enim
494 2522 700 2608 Propatorem
720 2531 929 2589 annumerant
950 2524 983 2587 in
1008 2524 1163 2603 Pleroma,
1183 2532 1217 2589 et
1237 2546 1293 2589 eos

135 2626 189 2713 qui
203 2646 244 2689 ex
258 2624 454 2689 successione
473 2624 514 2688 ab
535 2624 667 2690 invicem
689 2625 794 2691 emissi
816 2633 902 2691 sunt.
947 2625 1031 2708 Quid
1050 2627 1134 2711 quod
1156 2626 1209 2691 isti
1228 2648 1292 2691 uon

135 2726 422 2792 annumerabuntur
439 2724 500 2790 illis
520 2725 554 2789 iu
575 2725 686 2791 eodem
704 2725 885 2792 Pleromate
905 2727 1101 2805 exsistentes,
1118 2728 1170 2814 qui
1185 2728 1293 2814 adepti

135 2836 211 2895 sunt
231 2828 363 2895 eandem
391 2826 609 2894 emissionem!
646 2828 749 2910 Quam
773 2828 858 2893 enim
879 2829 1002 2895 edicere
1022 2838 1154 2916 possunt
1172 2831 1292 2915 justam

135 2954 274 3011 causam,
290 2932 331 2999 ob
343 2952 439 3018 quam
455 2952 520 2997 non
540 2938 747 2996 annumerant
768 2951 841 2997 cum
861 2929 988 3019 reliquis
1002 2931 1175 3011 AEouibus,
1190 2954 1293 3019 neque

136 3036 307 3116 Christum,
319 3057 411 3123 quem
425 3034 548 3101 volente
563 3036 660 3100 Patre
674 3054 694 3098 a
710 3034 891 3123 Monogene
912 3035 1020 3100 dicunt
1041 3057 1111 3101 esse
1134 3035 1292 3115 emissum,

134 3160 237 3227 neque
252 3139 405 3227 Spiritum
424 3139 585 3217 Sanctum,
601 3158 701 3225 neque
717 3137 840 3216 Horon,
861 3160 954 3226 quem
968 3144 1002 3203 et
1015 3138 1149 3204 ³Sotera
1162 3139 1291 3213 dicunt;

135 3244 193 3308 sed
207 3264 308 3329 neque
322 3242 424 3327 ipsum
437 3241 641 3319 salvatorem,
649 3240 703 3327 qui
711 3240 796 3305 veuit
810 3240 851 3304 ad
865 3241 1015 3307 auxilium
1029 3250 1063 3307 et
1076 3241 1295 3307 formationem

134 3346 246 3410 matris
260 3345 419 3431 ipsorum!
455 3345 573 3409 Utrum
584 3344 673 3431 quasi
683 3344 747 3409 sint
759 3344 812 3410 isti
826 3344 1025 3409 ‘infirmiores
1038 3343 1213 3423 illorum,et
1224 3345 1295 3410 ideo

134 3447 282 3535 indignos
294 3468 364 3512 esse
378 3448 523 3512 AEonum
536 3445 743 3533 appellatione
761 3454 794 3511 et
808 3467 954 3512 numero:
973 3454 1029 3511 aut
1043 3447 1132 3534 quasi
1152 3446 1295 3513 meliores

134 3549 200 3615 siut
212 3557 245 3615 et
258 3549 472 3615 ⁶dill'erentesl
499 3549 561 3613 Sed
570 3548 669 3613 infimi
683 3548 808 3635 quidem
823 3548 977 3636 quomodo
991 3550 1078 3627 fient,
1088 3550 1140 3635 qui
1152 3550 1247 3615 etiam
1261 3549 1294 3613 in

185 3678 196 3712 ¹
207 3680 260 3729 'l'he
269 3678 330 3729 cod.
340 3679 384 3729 On.
395 3680 469 3728 omits
475 3678 524 3728 red.
535 3678 574 3729 ef.
582 3696 605 3743 p.
614 3693 621 3726 r
625 3695 659 3738 ,m
663 3692 685 3741 3.
740 3678 761 3727 it
773 3678 862 3727 should
872 3679 936 3728 have
943 3680 1006 3728 been
1016 3679 1137 3728 rendered
1147 3680 1182 3745 by
1189 3680 1295 3729 another

185 3762 198 3793 ¹
214 3762 286 3811 or.n.
297 3774 319 3822 3.
340 3762 393 3810 The
400 3762 490 3810 author
496 3761 603 3826 perhaps
611 3766 688 3809 wrote
741 3758 1293 3826 Gmktemoccummgimmediatelyafter.

128 3842 212 3907 ΙὈρον,
223 3843 306 3892 which
317 3842 484 3908 waereadby
494 3843 538 3891 the
554 3841 690 3891 translator
789 3838 984 3904 *ἀσθενέστεροι
994 3843 1092 3891 τούτων.
1121 3842 1293 3891 'l'hcAltum
1348 3887 1352 3893 .

127 3927 213 3977 Ὀλον.
740 3922 791 3972 and
798 3922 878 3972 Voss,
886 3923 990 3988 reading
1000 3924 1021 3973 is
1032 3923 1140 3987 adopted
1146 3941 1153 3984 ;
1167 3924 1237 3973 there
1248 3941 1295 3973 can

184 4007 265 4058 ’me
281 4024 354 4057 name
376 4006 449 4057 Soter
469 4007 528 4057 does
550 4012 595 4057 not
616 4022 691 4056 occur
741 4003 772 4052 bs
789 4020 823 4051 no
834 4003 916 4052 Greek
931 4003 1073 4067 equivalent
1086 4004 1125 4052 for
1139 4004 1182 4053 the
1193 4004 1293 4053 emar.

132 4104 229 4156 among
249 4090 294 4139 ths
316 4090 388 4139 other
406 4106 541 4155 monymu
560 4090 588 4138 of
602 4089 689 4138 Herus
741 4083 879 4146 irfimiorer.
914 4084 1013 4133 Douhls
1039 4084 1218 4149 comparativus
1245 4086 1295 4133 aud

132 4175 162 4221 at
184 4189 227 4238 pp.
243 4172 281 4231 18,
300 4184 339 4233 24,
368 4168 419 4221 aud
445 4170 567 4221 therefore
594 4170 690 4220 Galen
741 4167 904 4231 superlativas
932 4181 1014 4226 occur,
1043 4180 1094 4227 eq.
1123 4165 1293 4227 ἐσχατώτατα,

131 4256 288 4316 conjectures
310 4254 368 4302 that
392 4252 434 4301 the
456 4251 598 4301 abbreviata
624 4252 690 4301 form
742 4249 877 4311 πρώτιστα,
895 4246 975 4293 buta
993 4245 1161 4310 comparative
1181 4245 1204 4293 ir
1221 4260 1296 4294 never

133 4334 231 4397 ΣἮΡΝ,
249 4336 367 4400 meaning
384 4336 565 4398 Ercodewas
580 4334 640 4383 read
655 4334 690 4397 by
741 4328 840 4393 vested
857 4343 890 4376 on
906 4344 923 4376 a
936 4326 1095 4392 superlative.
1130 4326 1238 4387 Midea,
1258 4326 1296 4374 ia·

131 4414 178 4466 the
197 4416 376 4467 translatores
395 4416 505 4476 Σωτῆρι
540 4413 593 4463 But
605 4412 691 4463 Herus
736 4410 808 4472 firmi
824 4409 910 4459 makes
921 4408 1028 4457 abetter
1044 4424 1115 4457 sense
1131 4407 1157 4457 in
1174 4408 1218 4457 the
1235 4413 1297 4457 next

132 4510 188 4545 was
199 4514 215 4546 a
221 4512 303 4560 potuer
313 4495 341 4545 ol
351 4494 429 4555 Soter,
441 4511 467 4558 p.
479 4495 518 4553 re,
531 4493 548 4543 l.
558 4507 582 4542 c.
617 4494 691 4545 Mas-
741 4497 858 4541 sentence
874 4491 936 4539 thau
951 4489 1040 4551 irtflmi.

133 4585 202 4626 wne
220 4576 346 4627 considers
362 4576 419 4625 that
431 4576 561 4638 Λυτρωτὴν
577 4574 649 4623 stood
664 4576 690 4624 in
791 4572 871 4622 ''l'he
882 4571 951 4621 word
968 4572 1156 4634 trcpcperlpovr
1173 4573 1296 4622 occursin

132 4654 180 4705 the
191 4662 255 4720 text,
267 4657 314 4706 hut
324 4657 345 4705 it
355 4656 377 4705 ir
388 4654 497 4719 seamcly
507 4654 625 4719 prohablo
636 4654 692 4702 that
741 4656 785 4704 the
796 4670 867 4702 sense
878 4653 907 4702 ol'
913 4668 978 4703 more
988 4652 1102 4712 madent,
1117 4670 1141 4717 p.
1151 4666 1206 4715 205.

1080 4740 1195 4804 18-2
