3225 5184
332 398 399 464 ‘280
704 410 808 465 usus
831 411 909 464 nou
935 410 1099 464 nunnus

169 564 478 630 ma.11.rrv.fixionem
502 573 535 631 et
560 563 810 629 emendationem
835 562 1022 649 reliquorum
1051 558 1156 627 emissi
1186 562 1281 626 santi
1337 558 1489 623 Meliores

180 636 308 766 ffipff
331 675 437 734 autem
452 688 559 733 rursus
579 667 679 754 prima
693 674 726 732 et
745 666 907 753 principali
924 667 1046 732 tetrade
1066 688 1135 731 esse
1152 686 1215 730 non
1235 670 1375 749 pompat,
1390 682 1490 747 aqua

212 772 276 817 ¹¹¹·7·
331 779 365 836 et
378 770 484 835 emissi
498 779 594 835 sunt:
618 780 651 835 et
666 769 718 834 illa
737 769 821 835 enim
840 779 1038 834 enumeratur
1059 770 1093 833 in
1113 769 1296 855 praedietum
1313 786 1492 830 numerum.

332 874 521 959 Oportuerat
535 882 641 938 autem
656 885 689 939 et
701 874 779 938 istos
792 874 989 938 annumerari
1003 874 1036 936 in
1052 873 1230 937 Pleromate
1245 872 1408 935 AEonnm:
1432 875 1492 932 aut

331 985 365 1042 et
380 976 517 1042 ¹illorum
533 976 677 1041 AEonum
692 976 842 1042 honorem
857 975 1034 1062 hujusmodi
1048 975 1265 1061 appellationis
1277 973 1400 1038 auferri.

397 1081 428 1143 3.
473 1078 553 1143 Oum
567 1099 642 1164 ergo
656 1077 698 1143 sit
720 1077 823 1144 soluta
842 1079 964 1144 illorum
983 1078 1164 1155 triacontas,
1179 1077 1261 1142 sieut
1283 1073 1491 1151 ostendimus,

332 1188 365 1246 et
378 1180 549 1247 seeundum
563 1180 596 1245 id
610 1181 693 1267 quod
709 1180 812 1246 minus
821 1190 881 1259 est,
894 1190 926 1247 et
940 1182 1110 1247 seeundum
1125 1179 1157 1244 id
1172 1180 1255 1268 quod
1270 1176 1339 1265 plus
1353 1185 1419 1242 est:
1439 1177 1493 1261 (in

331 1284 387 1350 tali
416 1284 500 1349 enim
522 1306 651 1350 numero
674 1284 702 1349 si
725 1285 794 1369 plus
817 1285 919 1362 luerit,
934 1294 990 1349 aut
1012 1285 1124 1360 minus,
1146 1281 1372 1368 reprobabilem
1392 1279 1492 1344 faciet

331 1408 504 1465 numerum,
520 1396 638 1474 quanto
659 1387 760 1474 magis
774 1389 919 1466 ²tantal)
935 1388 1089 1453 instabilis
1110 1387 1206 1474 igitur
1226 1408 1264 1451 ea
1284 1407 1356 1471 quae
1377 1392 1427 1447 est
1448 1382 1492 1447 de

332 1491 484 1579 Ogdoade
503 1491 651 1576 ipsorum,
674 1501 706 1556 et
724 1492 764 1557 de
786 1492 964 1557 duodecade
985 1492 1100 1556 fabula.
1144 1490 1305 1554 Instabilis
1325 1496 1432 1553 antem
1454 1494 1492 1551 et

331 1594 474 1659 universa
496 1593 616 1659 illomm
638 1594 755 1681 regula,
771 1594 838 1680 ipso
855 1595 1051 1659 firmamento
1072 1593 1209 1677 ipsorum
1230 1590 1380 1676 dissipato
1400 1596 1435 1654 et
1454 1588 1492 1653 in

332 1695 482 1784 Bythum‚
497 1696 557 1762 boe
572 1696 673 1762 estin
692 1696 724 1761 id
745 1697 828 1783 quod
849 1719 913 1762 non
933 1704 992 1773 est,
1015 1696 1176 1761 dissoluto.
1222 1695 1371 1776 Quaemnt
1392 1692 1493 1779 igitur

328 1800 396 1885 jam
416 1819 436 1863 a
456 1798 550 1865 modo
566 1798 645 1863 alias
659 1820 771 1864 causas
785 1799 960 1875 ostendere,
976 1820 1072 1885 qnare
1086 1819 1152 1861 xxx
1164 1817 1317 1861 annornm
1331 1793 1493 1860 Dominus

331 1902 373 1968 ad
387 1900 576 1987 baptismum
590 1902 729 1978 venerit;
754 1910 787 1968 et
801 1902 991 1969 duodecadis
1006 1900 1249 1987 Apostolorum
1269 1908 1304 1964 et
1324 1899 1394 1985 ejus
1415 1918 1492 1985 qnae

331 2004 494 2091 sanguinis
515 2004 700 2090 profluvium
722 2026 817 2091 passa
837 2013 907 2082 est;
931 2013 964 2072 et
984 2004 1172 2093 reliquorum
1195 2022 1388 2092 qnaeeunque
1406 2022 1492 2067 vane

332 2106 511 2171 laborantes
525 2104 669 2172 delirant.

809 2354 910 2421 OAP.
933 2354 1014 2420 XV.

377 2506 565 2596 Quomodo
594 2508 730 2584 nullius
755 2512 929 2586 monenti
955 2510 1156 2587 ostenditur·
1182 2508 1328 2608 primia
1354 2505 1446 2581 ordo

713 2628 916 2703 emissionis
941 2630 1116 2728 ipsorum.

394 2808 422 2870 1.
468 2804 518 2868 En
548 2805 650 2891 ipsum
680 2806 806 2891 quidem
830 2808 963 2892 primum
990 2806 1128 2873 ordinem
1152 2806 1327 2872 emissionis
1350 2806 1579 2891 ipsorumm

331 2907 555 2993 reprobabilem
583 2930 653 2973 esse
681 2908 728 2975 sio
756 2910 962 2976 ostendimus.
1014 2910 1176 2975 Emissum
1204 2911 1287 2975 enim
1312 2908 1421 2973 dieunt
1449 2909 1494 2975 de

332 3008 438 3095 Bytho
450 3016 483 3075 et
496 3008 590 3095 hujus
604 3008 730 3075 Ennoea
745 3010 819 3075 Nun
835 3021 868 3077 et
884 3012 1045 3090 Alethian,
1060 3013 1144 3101 quod
1158 3013 1284 3099 quidem
1298 3010 1495 3076 eontrarium

331 3111 514 3178 ostenditur.
559 3112 629 3179 Nus
643 3114 727 3179 enim
740 3123 790 3179 est
804 3115 906 3201 ipsum
918 3116 1001 3203 quod
1015 3125 1064 3181 est
1079 3115 1258 3202 principale,
1273 3123 1306 3181 et
1319 3135 1492 3191 summum,

331 3223 365 3281 et
387 3214 472 3281 velut
493 3214 688 3302 principium,
704 3226 737 3283 et
757 3218 828 3283 fons
847 3218 983 3284 universi
1000 3240 1121 3284 sensus.
1159 3218 1283 3283 Ennoia
1297 3226 1403 3283 autem
1417 3238 1493 3304 quae

330 3319 388 3384 ⁸ab
411 3317 470 3383 hoo
491 3328 541 3384 est
561 3318 737 3405 qualialibet
758 3327 791 3386 et
813 3321 853 3387 de
874 3321 1011 3408 quolibet
1028 3322 1113 3387 laeta
1135 3322 1243 3389 motio.
1289 3322 1362 3386 Non
1383 3322 1492 3406 ⁴eapit

331 3420 428 3509 igitur
450 3444 489 3487 ex
505 3421 610 3509 Bytho
624 3432 658 3488 et
673 3423 797 3490 Ennoia
811 3425 961 3489 emissum
981 3446 1050 3491 esse
1073 3425 1163 3490 Nun:
1186 3425 1382 3491 verisimilius
1402 3425 1492 3490 enim

331 3534 400 3589 erat
414 3524 517 3590 dioere
532 3546 596 3604 eos,
612 3526 652 3591 de
668 3526 842 3612 Propatore
862 3537 896 3592 et
915 3528 954 3592 de
974 3528 1034 3593 hoe
1057 3528 1111 3593 Nu
1131 3529 1278 3593 emissam
1299 3550 1369 3594 esse
1391 3528 1491 3592 filiam

333 3624 498 3694 Ennoiam.
546 3626 618 3692 Non
638 3628 722 3693 enim
738 3629 863 3696 Ennoia
882 3639 983 3696 mater
1003 3640 1052 3696 est
1068 3632 1165 3711 Noos,
1180 3632 1263 3697 sient
1283 3631 1412 3707 dieunt;
1432 3632 1490 3695 sed
1505 3660 1535 3698 u.
1548 3662 1593 3698 m.

382 3785 391 3818 ¹
409 3788 509 3836 illorum
524 3788 639 3850 AEoaum,
654 3788 672 3850 ἢ
685 3792 724 3839 aul
735 3794 885 3841 τούτωντῶν
934 3809 961 3842 as
980 3796 1047 3856 παρὰ
1064 3798 1157 3845 τούτου.

332 3868 430 3928 αἰώνων,
458 3869 547 3928 ταύτης
574 3871 618 3931 τῆς
642 3874 813 3934 προσηγορίας,
841 3876 886 3932 τὴν
983 3874 994 3905 ⁴
1010 3876 1068 3923 Noa
1078 3876 1145 3939 cupit
1156 3876 1240 3939 ipitur.
1277 3877 1361 3927 Groeou
1375 3877 1490 3941 parare,

332 3952 403 4011 τιμὴν
420 3950 582 4013 ἀφαιρεῖσθαι.
600 3950 645 4002 ie.
663 3969 691 4002 or
708 3952 758 4001 rtur
775 3953 814 4003 tha
829 3954 884 4004 Pu·
934 3971 1043 4019 quaaoa
1057 3973 1115 4006 raro
1128 3958 1213 4020 ruitur,
1232 3966 1260 4007 ut
1273 3960 1353 4023 poulo
1366 3967 1437 4023 port.-
1453 3958 1492 4008 Et

331 4048 401 4081 roma
417 4032 506 4081 shortld
522 4032 549 4083 do
565 4032 681 4098 depr-iord
697 4034 727 4098 os
739 4034 777 4101 lde
791 4034 886 4084 honora
934 4038 987 4086 haee
1009 4039 1109 4102 quidem
1130 4041 1156 4089 in
1179 4042 1321 4090 bominibus
1340 4041 1407 4106 oepit
1428 4042 1488 4093 diei.

331 4114 820 4179 oftlrAEorrrostltirdmoraimtr'oa,
840 4117 883 4167 viz.
936 4119 1023 4168 Crebro
1043 4136 1140 4184 quoque,
1161 4122 1493 4185 mmmmm

331 4195 362 4259 of
373 4194 411 4244 the
426 4194 522 4245 norro.
935 4200 1023 4249 Latiar
1037 4202 1142 4265 ror-iprit,
1161 4202 1327 4254 Tertullianum
1342 4205 1440 4254 mma
1456 4207 1494 4253 ἐν·

380 4274 497 4338 ’Torua
510 4278 606 4340 rorate,
621 4292 649 4327 ao
666 4294 743 4343 many
753 4278 804 4328 and
815 4284 887 4343 grem
935 4283 1033 4343 δέχεται
1054 4282 1089 4332 ric
1108 4283 1226 4345 imitatur,
1247 4292 1273 4332 ut
1293 4285 1337 4335 lr'o.
1355 4286 1386 4335 de
1400 4286 1492 4335 Rem·-

331 4358 476 4407 variatione.
934 4364 1036 4413 rectiore
1052 4364 1154 4421 carnin
1176 4365 1218 4416 lio.
1234 4380 1255 4427 r,
1277 4381 1300 4429 3,
1321 4376 1343 4416 et
1360 4380 1383 4429 5,
1405 4375 1494 4417 contra

380 4436 392 4471 ⁸
408 4438 469 4489 cod.
486 4439 586 4491 Canu.
608 4440 649 4501 ad,
669 4456 696 4489 as
709 4440 762 4489 also
776 4442 884 4492 asum.
935 4445 1103 4498 Marcionem:
1120 4448 1215 4513 Gorpus
1228 4449 1335 4499 animale
1348 4451 1417 4515 eapit
1430 4449 1491 4512 diei,

331 4518 382 4568 and
392 4519 482 4581 Voss„
492 4522 539 4570 but
550 4521 645 4571 Gaann
656 4522 700 4571 bes
712 4522 742 4570 ab
753 4521 803 4571 lter.
833 4524 887 4572 'l'he
935 4528 965 4576 id
974 4537 1014 4589 eat,
1026 4529 1113 4593 resipit
1129 4530 1193 4580 deae
1209 4531 1423 4593 mmmmm,
1436 4533 1494 4598 dio-

334 4600 468 4651 trarmlator
483 4619 542 4667 may
556 4604 620 4654 bave
635 4604 694 4654 read
709 4606 775 4666 rapt
792 4607 884 4667 τοῦτον,
936 4623 996 4656 aura
1006 4614 1038 4657 ert
1048 4608 1092 4658 lroc
1102 4608 1205 4659 aornim.
1224 4608 1345 4660 husan
