3225 5184
333 382 402 447 306
736 394 788 449 nu
816 392 1086 472 nurssroumus

200 570 291 614 amu.
332 547 436 633 aliquo
459 569 523 614 unc
549 552 708 615 ¹statuere
731 554 990 627 consumetur
1014 568 1053 613 eo
1073 548 1293 635 figurationem
1318 551 1490 621 'fictorem

175 620 316 754 erutr-
333 650 494 718 confiuit

210 759 253 799 πει
260 760 279 797 8.

172 830 321 843 -——-

798 870 898 939 cAP.
921 870 1029 936 XXI.

337 1022 521 1115 Quoniam
538 1051 616 1125 orm
633 1024 735 1101 uobis
759 1024 826 1125 qui
843 1051 967 1101 mouns
983 1024 1030 1100 ob
1047 1023 1228 1119 Ecclesia,
1248 1024 1436 1126 imputant
1458 1026 1492 1101 ii

410 1142 475 1242 qui
500 1156 582 1218 com
606 1170 632 1217 α
666 1142 865 1235 Vakotioo,
894 1142 969 1218 illis
994 1168 1124 1218 curuos
1150 1142 1336 1243 imputant
1358 1144 1401 1219 tu·
1424 1144 1492 1245 qni

408 1272 491 1335 som
508 1286 535 1335 o
550 1260 732 1354 Basilice,
752 1274 784 1335 ct
801 1260 876 1335 illic
891 1259 979 1335 item
995 1259 1074 1335 atii.

336 1431 367 1493 1.
399 1428 541 1494 Ernuru
565 1430 624 1495 hoc
643 1430 726 1515 quod
747 1430 905 1516 imputant
926 1427 1018 1493 nobis
1041 1427 1095 1513 qui
1117 1435 1191 1493 sunt
1213 1450 1234 1493 a
1251 1428 1434 1509 Valentino,
1456 1429 1490 1497 in

335 1553 374 1597 ea
400 1554 470 1619 qnae
496 1540 546 1597 est
571 1532 716 1599 deorsum
737 1530 932 1597 hebdomade
957 1530 1098 1595 dicentes
1126 1553 1185 1596 nos
1205 1552 1376 1610 remanere,
1398 1532 1488 1619 quasi

333 1656 398 1699 non
411 1634 589 1700 attollentes
606 1634 639 1701 in
658 1634 757 1699 altum
779 1642 928 1713 mentem,
950 1654 1051 1717 neque
1072 1656 1143 1718 quae
1164 1654 1287 1699 sursum
1305 1643 1380 1699 sunt
1393 1636 1489 1700 senti·

334 1747 433 1819 entes,
448 1739 594 1825 quoniam
609 1737 884 1826 portentiloquium
897 1738 1035 1824 ipsorum
1051 1758 1115 1801 non
1133 1737 1310 1824 recipimus,
1331 1738 1392 1804 hoc
1405 1739 1490 1804 idem

334 1840 436 1929 ipsum
451 1842 504 1927 qui
517 1864 537 1905 a
553 1840 689 1907 Basilide
704 1849 777 1905 sunt
791 1840 841 1905 his
855 1840 1020 1927 imputant,
1040 1840 1130 1925 qnasi
1151 1841 1201 1905 his
1222 1842 1325 1907 adhuc
1346 1842 1431 1908 circa
1451 1865 1490 1909 ea

334 1966 404 2031 qnae
427 1944 570 2011 deorsum
595 1952 670 2009 sunt
691 1943 902 2009 volutantibus
926 1944 1087 2029 usquead
1109 1942 1241 2029 primam
1266 1952 1300 2009 et
1320 1946 1490 2011 secundam

334 2047 574 2125 octonationem,
597 2054 629 2112 et
650 2054 722 2133 post
743 2046 873 2133 triginta
887 2046 1015 2111 AEonas
1037 2046 1161 2111 indocte
1175 2054 1286 2133 putare
1305 2068 1360 2112 eos
1380 2048 1490 2113 statim

334 2148 486 2214 invenisse
511 2170 583 2215 eum
598 2148 650 2233 qui
675 2170 770 2234 supra
793 2149 899 2214 omnia
921 2157 970 2214 est
994 2148 1133 2227 Patrem,
1164 2148 1244 2214 'non
1267 2149 1491 2239 investigantes
1589 2157 1590 2160 ’

334 2273 429 2318 sensu
455 2251 488 2315 in
511 2250 543 2317 id
574 2252 657 2336 qnod
687 2258 854 2336 estsuper
880 2274 1008 2315 ccccxv
1028 2250 1125 2317 coelos
1154 2250 1311 2332 Pleroma,
1332 2253 1419 2337 ‘quae
1441 2262 1491 2319 est

335 2376 430 2443 supra
444 2354 650 2441 qnadraginta
668 2353 804 2439 quinque
819 2353 986 2441 ogdoadas.
1032 2354 1078 2419 Et
1098 2354 1159 2419 illis
1178 2354 1292 2420 iterum
1310 2356 1397 2441 juste
1419 2356 1490 2440 quis

336 2457 513 2545 imputabit,
543 2457 664 2544 fingens
693 2464 826 2542 quatuor
855 2455 951 2523 millia
979 2464 1012 2521 et
1042 2481 1097 2521 ccc
1127 2465 1159 2522 et
1191 2480 1286 2521 cxxx
1317 2458 1414 2523 coelos
1442 2458 1490 2524 vel

337 2564 481 2628 AEonas:
506 2560 651 2649 qnoniam
674 2560 708 2625 hi
729 2560 796 2626 dies
820 2558 894 2625 anni
915 2569 1022 2625 tantas
1043 2560 1137 2627 horas
1155 2560 1280 2626 habent.
1326 2562 1362 2626 si
1383 2569 1491 2627 autem

337 2665 407 2751 quis
430 2673 463 2730 et
488 2664 628 2730 noctium
653 2671 800 2750 apponat,
827 2662 988 2749 duplicans
1012 2664 1181 2751 praedictas
1208 2664 1312 2745 horas,
1342 2686 1491 2752 magnam

337 2768 567 2835 multitudinem
587 2768 831 2847 octonationum,
853 2774 886 2831 et
903 2766 1157 2833 innumerabilem
1176 2769 1333 2853 quandam
1348 2770 1491 2834 AEonnm

337 2872 557 2959 operositatem
587 2880 702 2958 putans
730 2869 934 2949 adinvenisse,
962 2870 1110 2936 adversus
1138 2893 1210 2936 enm
1239 2872 1293 2957 qui
1321 2879 1371 2937 est
1397 2893 1492 2959 snper

337 2975 442 3039 omnia
457 2970 554 3039 Pater
574 2972 731 3039 ⁶omninm
744 2972 947 3059 semetipsum
961 2972 1178 3059 perfectiorem
1191 2974 1364 3060 suspicans,
1379 2976 1492 3040 eadem

336 3076 480 3142 omuibus
503 3075 684 3162 imputabit;
708 3074 854 3161 quoniam
882 3096 945 3139 non
971 3075 1129 3141 sufficiant
1154 3076 1188 3141 in
1204 3076 1402 3142 altitudinem
1422 3079 1493 3164 ejus

336 3201 406 3266 quae
421 3180 462 3244 ab
477 3178 543 3265 ipso
559 3178 719 3244 dicebatur
738 3178 904 3243 multitudo
928 3178 1077 3244 coelorum
1096 3178 1143 3245 vel
1158 3180 1322 3254 AEonnm;
1346 3180 1402 3244 sed
1416 3180 1493 3246 deli-

337 3282 456 3349 cientes
470 3281 518 3347 vel
531 3281 564 3345 in
579 3304 617 3347 ea
632 3303 702 3367 qnae
716 3289 790 3347 sunt
804 3280 959 3358 deorsum,
973 3281 1022 3345 vel
1037 3281 1069 3345 in
1084 3281 1251 3346 medietate
1264 3292 1475 3367 perseverant.

404 3388 433 3450 2.
478 3383 558 3472 Ejus
578 3384 673 3471 igitur
695 3406 765 3470 quae
788 3391 837 3448 est
858 3382 1030 3447 secundum
1048 3383 1186 3470 pleroma
1207 3383 1344 3469 ipsorum
1360 3383 1491 3469 disposi-
1504 3401 1581 3443 ιιι

336 3486 440 3564 tionis,
470 3494 504 3551 et
532 3485 667 3550 maxime
688 3486 756 3571 ejus
782 3506 853 3572 quae
881 3492 931 3549 est
955 3485 1127 3550 secundum
1147 3484 1280 3571 primam
1305 3485 1490 3573 ogdoadem,

335 3598 441 3655 tantas
452 3588 710 3654 contradictiones
724 3596 757 3652 et
770 3586 893 3674 aporiae
907 3587 1083 3665 lhabentes,
1096 3586 1294 3673 inspiciamus
1308 3596 1340 3653 et
1354 3589 1489 3675 reliqna;

336 3699 463 3779 propter
476 3689 597 3755 illorum
611 3689 865 3769 insensationem,
879 3697 912 3754 et
932 3712 991 3755 nos
1010 3689 1049 3755 de
1064 3689 1115 3755 his
1134 3711 1204 3776 quae
1226 3711 1291 3755 non
1310 3697 1386 3755 sunt
1406 3712 1493 3776 quae·

336 3801 456 3869 rentem
483 3790 655 3858 necessarie
683 3800 790 3857 autem
818 3800 852 3858 ει
879 3793 939 3858 hoc
967 3790 1128 3871 iacientes,
1157 3792 1306 3878 quoniam
1333 3794 1429 3880 hujus
1446 3791 1493 3857 rei

337 3895 456 3963 credita
478 3902 527 3961 εει
551 3894 642 3961 nobis
664 3895 851 3984 procuratio,
877 3904 910 3961 et
934 3895 986 3981 qui
1008 3895 1139 3962 velimus
1160 3918 1269 3962 omnes
1289 3896 1432 3963 homines
1452 3896 1495 3961 ad

386 4100 396 4133 ²
417 4102 530 4163 munao,
558 4102 660 4165 tuturo,
689 4102 816 4167 Battus}
842 4102 890 4153 bnt
989 4102 1148 4168 Ἠώεκια]
1164 4102 1310 4167 meadum,
1328 4101 1378 4153 aiei
1393 4102 1497 4151 maai·

337 4182 433 4231 lordum
443 4185 485 4231 τὸν
495 4185 548 4231 νοῦν
558 4183 579 4231 is
590 4200 658 4233 more
668 4184 778 4233 obvious.
941 4184 1078 4248 umjottt,
1092 4186 1214 4235 habentis.
1232 4184 1302 4234 Duo
1309 4185 1372 4235 rota
1380 4184 1499 4247 mutam

385 4261 397 4293 ¹
412 4262 542 4313 Foetes-ron
552 4264 683 4328 legendnm
694 4264 798 4328 conjicio
804 4280 812 4325 ;
825 4264 890 4314 deut
943 4266 1035 4316 &mccc
1044 4268 1134 4326 rotrm
1144 4267 1246 4327 excom
1256 4266 1285 4314 ia
1296 4266 1386 4315 norim
1395 4264 1499 4315 mim

330 4342 593 4407 ,immansurum
603 4344 733 4408 quosaam
742 4352 805 4396 wat.
826 4345 877 4395 Gn
942 4345 1499 4409 lampratpmnmptccnimtdawm

385 4422 821 4489 *ούχέῐομινουετῷνῷἐπιτι...
937 4443 985 4491 per
1008 4427 1069 4477 duos
1089 4428 1212 4488 Mace,
1236 4428 1424 4488 lla-babente,
1443 4426 1500 4476 verl-

385 4507 429 4556 ⁴1.
442 4507 492 4570 qni,
506 4509 552 4559 ie.
564 4523 686 4557 uum.
940 4509 1107 4562 deudimt.
1142 4510 1222 4559 Sedet
1238 4510 1339 4574 wloota
1354 4508 1423 4560 lectio
1438 4510 1498 4558 mi·

385 4587 396 4619 ⁵
413 4582 510 4639 raros
520 4590 605 4639 ἑαυτὸν
614 4589 768 4651 τελεώτερον.
941 4589 995 4639 nst
1002 4597 1086 4653 potera
