3225 5184
327 357 394 429 270
628 372 858 429 sonvuurus
883 368 1178 425 nmesnroonuu

162 546 312 635 iiiiii?
324 525 503 613 scriptione,
527 526 682 614 imsgises
703 525 827 592 illomm
854 544 935 601 ems,
963 524 1016 612 qui
1044 530 1120 591 sunt
1144 522 1212 590 sine
1239 523 1433 612 figentium
1455 531 1493 591 et

182 642 299 734 ¹3⁸3·st
326 628 689 717 ¹inoomprebsnsibilesl
715 629 751 696 Si
763 636 872 697 sutem
887 634 984 711 ²[uee]
997 628 1171 695 seeundum
1181 627 1414 715 figurationem,
1427 650 1492 695 nee

164 764 307 773 --
324 732 495 800 seeundum
509 732 737 811 formationem,
752 732 809 799 sed
822 732 994 797 seeundum
1007 752 1172 797 nnmerum
1186 738 1220 797 et
1234 730 1376 797 ordinem
1390 732 1490 797 emis·
1503 748 1535 787 ι
1544 750 1578 787 1³²

325 836 424 902 sioms
437 835 589 923 imagines
603 857 642 901 es
654 835 761 901 disent
773 856 861 901 esse:
877 834 978 923 primo
992 832 1119 921 quidem
1127 838 1205 899 ⁸nou
1213 833 1492 923 essentimsgines

326 938 459 1005 dioeuds
477 939 547 1005 lues
566 946 601 1005 et
618 938 838 1005 similitudines
857 960 976 1015 eorum,
998 938 1066 1025 ‘qui
1085 959 1209 1005 sursum
1232 945 1307 1003 stunt
1326 937 1490 1007 AEouum.

328 1044 408 1127 Quae
421 1042 576 1109 enimneo
586 1042 730 1107 habitum
740 1063 800 1108 neo
811 1041 913 1129 figure
923 1040 1078 1107 miliorum
1087 1041 1213 1117 hubent,
1222 1040 1491 1129 quemadmodum

327 1145 482 1233 imagines
502 1152 578 1211 sunt
591 1145 753 1232 ipsomml
797 1146 878 1211 Post
892 1145 1004 1211 deiude
1025 1152 1059 1211 et
1079 1166 1227 1211 numeros
1244 1152 1278 1211 et
1298 1143 1490 1213 emissiones

327 1249 520 1336 superiorum
534 1250 678 1315 Εοιιιιω
693 1248 821 1315 enodem
834 1258 868 1315 et
881 1248 998 1316 dmiles
1011 1248 1053 1314 sd
1066 1270 1121 1315 eos
1135 1248 1188 1336 qui
1202 1255 1277 1315 sunt
1293 1246 1490 1315 eonditionis

326 1354 488 1440 sdsptent.
523 1351 618 1419 Nune
636 1360 744 1418 nutem
765 1352 897 1441 trigiuts
917 1351 1119 1419 ostendentes
1140 1352 1276 1429 AEoues,
1299 1358 1332 1417 st
1359 1356 1490 1419 mutum

327 1455 559 1522 multitudinem
572 1476 680 1521 eorum
693 1476 764 1543 quae
782 1461 857 1521 sunt
876 1454 910 1520 in
929 1454 1109 1521 conditione
1130 1454 1283 1543 imagines
1298 1474 1408 1519 eorum
1430 1456 1489 1542 qui

327 1567 402 1624 umt
415 1557 546 1647 triginta
559 1556 709 1637 dieentes,
720 1558 807 1645 juste
820 1564 857 1623 ut
870 1556 1022 1625 insensati
1036 1564 1208 1644 urguentur
1221 1578 1241 1622 s
1255 1556 1356 1623 nobis.

801 1804 904 1871 OAP.
932 1804 1012 1872 vll.

436 1944 673 2043 Quomfoba
688 1944 822 2019 umbra
839 1959 871 2021 et
887 1970 1006 2021 vocuo
1023 1972 1149 2023 eorum
1164 1945 1375 2025 ostenditur.

398 2114 427 2177 1.
464 2109 501 2176 Sr
523 2117 628 2174 eutem
649 2108 718 2175 haeo
740 2108 862 2174 iliorum
884 2110 1027 2175 umbrsm
1048 2110 1153 2178 disent
1176 2132 1256 2191 esse,
1283 2114 1490 2200 quemsdmo-

329 2216 405 2281 dum
418 2214 543 2303 quidum
562 2212 699 2298 ipsorum
720 2212 838 2277 audent
855 2212 968 2293 dicere,
991 2214 1048 2280 ‘nt
1068 2215 1241 2281 seeundum
1254 2214 1315 2282 boe
1329 2216 1489 2305 imagines

329 2340 409 2398 esse,
423 2338 550 2383 neoesse
571 2314 631 2381 erit
651 2323 685 2382 et
702 2338 832 2402 corpore
852 2317 938 2403 ipsos
958 2338 997 2383 ee.
1018 2340 1088 2405 quae
1105 2325 1180 2385 sunt
1192 2340 1316 2385 sursum
1330 2322 1486 2389 confiteri.

330 2424 381 2489 Es
399 2420 483 2488 enim
497 2442 568 2508 quae
589 2442 712 2485 sursum
728 2428 803 2485 sunt
825 2442 955 2507 corpore
975 2423 1119 2488 umbram
1140 2422 1269 2502 iaciunt,
1291 2444 1354 2488 non
1375 2433 1488 2490 autem

324 2528 393 2615 jem
412 2523 571 2614 spiritalis,
586 2523 835 2611 quondoquidem
852 2524 947 2589 ⁶nulli
963 2526 1128 2593 obscurare
1141 2535 1280 2613 possunt
1326 2526 1361 2593 Si
1374 2538 1485 2595 sutem

328 2638 362 2698 et
377 2631 485 2695 demus
499 2626 558 2693 illis
571 2628 642 2705 boo,
665 2626 748 2714 quod
764 2626 891 2715 quidem
913 2636 962 2695 est
983 2627 1182 2717 impossibile,
1201 2652 1307 2696 eorum
1322 2652 1392 2719 quae
1408 2642 1486 2699 sunt

328 2732 479 2822 spiritalis
507 2739 540 2797 et
567 2730 669 2795 luoids
697 2732 841 2795 umbram
869 2752 948 2810 esse,
974 2731 1007 2795 in
1033 2753 1126 2818 quom
1150 2732 1289 2799 Matrem
1313 2756 1402 2799 suem
1429 2734 1486 2800 de-

328 2835 486 2901 scendisse
508 2834 626 2910 dieunt,
647 2840 841 2897 tamencum
856 2832 908 2898 ills
922 2832 986 2899 sint
1003 2843 1131 2913 eeteros,
1154 2844 1187 2901 et
1208 2858 1246 2901 es
1265 2860 1337 2925 quae
1350 2860 1390 2903 ex
1404 2839 1486 2925 ipsis

327 2936 460 3001 effioitur
472 2936 583 2999 umbre
596 2934 785 3019 sempiterne
802 2944 989 3020 perseveret,
1008 2943 1042 3002 et
1063 2958 1125 3002 non
1143 2941 1211 3026 jsm
1225 2946 1388 3006 transeunt
1401 2939 1483 3021 baeo,

326 3039 382 3105 sed
396 3043 594 3125 perseverunt
610 3056 682 3100 oum
696 3036 756 3115 bis,
767 3058 838 3122 quse
852 3059 887 3102 se
901 3038 1099 3106 adumbrant.
1134 3042 1169 3107 Si
1182 3050 1289 3107 sutem
1300 3043 1368 3109 haeo
1379 3052 1483 3110 truns-

326 3150 413 3221 eunt,
435 3149 468 3207 et
490 3139 542 3204 ills
563 3160 690 3205 neeesse
704 3147 763 3217 est,
785 3161 917 3225 quornm
931 3140 1001 3207 haee
1015 3150 1090 3207 sunt
1104 3143 1224 3224 umbra,
1246 3146 1397 3212 transire:
1421 3147 1485 3214 illis

326 3255 432 3313 entem
446 3244 725 3332 perseverantibus,
743 3252 921 3330 perseverat
943 3253 976 3311 et
994 3247 1105 3312 umbre
1123 3246 1271 3333 ipsorum.
1318 3250 1353 3316 Si
1375 3260 1485 3318 nutem

326 3369 390 3414 non
403 3345 574 3412 moundum
588 3345 620 3410 id
635 3344 718 3431 quod
732 3345 943 3424 obumbretur,
966 3345 1071 3412 dicent
1084 3368 1155 3412 eom
1169 3349 1311 3415 umbrsm
1325 3372 1403 3429 esse,
1425 3354 1484 3419 sed

325 3448 496 3516 seeundum
519 3447 551 3511 id
574 3446 658 3532 quod
680 3446 778 3511 multo
800 3446 842 3511 eb
865 3446 926 3511 illis
950 3456 1094 3533 separata
1118 3448 1191 3529 sint,
1214 3452 1335 3537 paterni
1357 3452 1484 3521 luminis

325 3554 463 3640 ipsorum
478 3550 679 3634 pusillitatem
700 3558 733 3615 et
754 3548 968 3616 infirmitatem
987 3552 1190 3633 accusabunt,
1206 3554 1295 3641 quusi
1310 3579 1372 3623 non
1387 3560 1483 3625 ettin-

324 3662 381 3742 get
395 3674 493 3739 usque
506 3650 547 3715 sd
561 3652 638 3728 haeo,
660 3650 715 3717 sed
736 3651 862 3717 definiat
882 3652 1052 3740 adimplere
1072 3653 1106 3721 id
1127 3656 1211 3743 quod
1225 3667 1275 3724 est
1291 3682 1431 3741 vsouum,
1449 3672 1484 3730 et

326 3754 493 3822 dissolvere
514 3755 669 3833 umbram,
693 3761 727 3819 st
752 3753 813 3820 boe
835 3757 960 3843 quaudo
983 3778 1076 3825 nemo
1096 3758 1140 3825 sit
1164 3760 1398 3849 impedimento.
1444 3766 1484 3832 ln

324 3920 419 3987 spolies
429 3926 457 3970 tn
467 3921 511 3971 the
521 3920 604 3970 AEons
615 3920 644 3969 ol
651 3921 695 3971 the
705 3922 824 3987 pler-oms,
836 3924 880 3973 the
927 3929 973 3974 not
988 3931 1068 3975 mut·

325 4005 381 4053 first
397 4008 426 4053 to
442 4004 486 4055 ths
503 4002 697 4054 multitudiuous
718 4010 881 4069 eounterpsrt
977 4006 988 4039 ⁴
1004 4006 1049 4057 (ln.
1063 4022 1122 4071 oua,
1135 4008 1239 4059 relstirs
1248 4014 1277 4059 to
1286 4010 1405 4063 AEom.

326 4085 356 4133 ot'
367 4086 437 4135 them
452 4085 479 4135 in
501 4085 620 4136 mention.
656 4084 752 4135 Gssss
772 4086 801 4135 in
818 4086 880 4136 both
976 4086 1480 4161 ‘Tbensnslstiouffirtlmlimsginq

325 4168 408 4233 plsoes
425 4168 507 4233 prinis
525 4182 585 4230 ques.
927 4171 956 4221 oi
968 4171 1012 4221 the
1030 4172 1113 4222 Greek
1130 4174 1219 4235 words,
1241 4175 1313 4225 odore
1325 4178 1389 4228 sord
1409 4181 1484 4230 τοῦτο

374 4249 385 4283 ²
401 4248 655 4314 ww,
669 4264 697 4299 ιο
706 4250 751 4299 the
762 4248 838 4300 MSS
928 4252 1019 4303 εἰκόνας
1030 4254 1098 4305 εἶναι.

374 4330 815 4383 ’muomitteoinelltheltss
976 4332 987 4365 ⁰
1067 4335 1078 4383 ι·

324 4534 420 4626 Gestis
432 4576 485 4625 siro
499 4577 626 4641 iswroog.
661 4577 712 4627 As.
724 4576 796 4627 resds
813 4585 878 4639 sunt,
927 4579 1048 4633 Flussn.
