3225 5184
594 394 643 449 ltu·
668 394 875 450 [anvlsus.
1244 380 1312 448 283

156 548 240 633 quod
254 554 304 615 est
317 548 489 617 mundum
503 570 562 617 nos
575 550 695 618 lumini.
740 551 794 619 Sia
807 558 915 618 autem
928 550 987 617 et
977 572 1011 617 m
1023 548 1153 637 reliquia
1165 552 1311 618 omnibus
1321 562 1376 605 m
1389 562 1419 603 ¹1
1430 564 1474 603 uu

156 647 249 715 ¹uulli
271 650 381 717 similis
400 652 461 717 erit
482 652 622 718 omnium
644 653 742 721 Pater
763 654 927 719 bominum
945 653 1126 741 pusillitati:
1149 660 1183 720 ot
1196 654 1311 721 dieitur
1330 612 1466 743 ‘gf-,iffi

48 761 85 801 Ν·
100 760 144 800 ¹³¹
136 752 282 837 quidem
304 752 475 819 seeundum
493 754 562 821 haeo
582 763 709 843 propter
726 756 935 837 dilectionem,
949 757 1084 823 sentitur
1095 762 1204 824 autem
1216 778 1474 845 super—-
1362 748 1436 788 ¹¹³⁸

156 854 225 921 bueo
237 854 410 922 secumdum
422 858 681 945 magnitudinem.

621 1112 722 1181 OAP.
748 1114 852 1182 XVI.

159 1282 344 1375 Quonim
363 1310 486 1361 senous
509 1310 582 1361 ooo
595 1286 772 1385 potuisset
791 1286 907 1363 emdti
927 1286 1018 1389 quio
1035 1286 1113 1390 ipae
1130 1288 1312 1365 emittebat

446 1402 614 1503 reliquo.-
642 1414 675 1478 et
692 1402 784 1504 quid
800 1416 851 1480 est
868 1404 1019 1481 emo'orio

223 1590 252 1653 1.
299 1586 336 1652 Su
352 1586 448 1675 igitur
455 1594 489 1655 et
503 1588 535 1653 in
545 1588 724 1655 hominibus
735 1587 802 1675 ipss
813 1589 939 1675 quidem
949 1609 1060 1655 sensus
1070 1608 1135 1654 non
1145 1588 1311 1670 emittitur,

156 1710 257 1775 neque
270 1698 432 1777 separatur
445 1711 465 1756 a
479 1690 547 1757 vivo
566 1692 611 1756 'is
625 1691 677 1777 qui
692 1692 809 1758 emittit
821 1690 949 1777 reliqua,
960 1690 1114 1757 motiones
1124 1698 1231 1757 autem
1243 1692 1313 1777 ojus

156 1798 189 1857 et
206 1792 337 1859 affectus
351 1793 534 1880 perveniunt
547 1794 588 1859 sd
602 1794 823 1870 manifestum
844 1792 943 1859 multo
956 1793 1059 1882 magis
1072 1794 1135 1860 Dei
1156 1794 1208 1879 qui
1224 1802 1313 1860 totus

155 1914 267 1961 seusus
278 1902 337 1973 est,
347 1895 414 1982 ipso
427 1917 448 1961 a
461 1897 628 1983 semetipso
638 1917 836 1982 nequaquam
845 1896 1050 1984 separabitur,
1061 1918 1163 1983 neque
1174 1898 1262 1983 quasi
1271 1898 1312 1963 ab

156 1995 309 2063 alioaliud
318 1997 480 2065 emittitur.
504 1998 538 2064 Si
553 1999 637 2065 euim
650 2020 778 2065 sensum
792 1999 906 2077 emisit,
915 2000 983 2084 ipse
995 2000 1048 2085 qui
1058 1998 1163 2065 emisit
1173 2020 1311 2076 sensum,

155 2101 327 2166 moundum
339 2122 394 2167 eos
407 2102 599 2189 compositus
613 2109 646 2169 et
656 2102 824 2189 corporalia
837 2102 1028 2190 intelligitur,
1038 2110 1075 2168 ut
1087 2102 1131 2167 sit
1143 2100 1312 2187 seperatim

54 2221 81 2261 o.
93 2222 135 2266 ιιι.
156 2201 282 2287 quidem
296 2202 348 2289 qui
363 2202 476 2283 emisit,
490 2204 589 2282 Deus,
606 2204 774 2291 separatim
789 2211 896 2271 autem
910 2204 964 2290 qui
975 2205 1109 2270 emissus
1119 2212 1179 2283 est,
1190 2224 1311 2270 sensus.

157 2304 191 2370 Si
206 2315 312 2371 autem
326 2307 365 2373 do
379 2328 474 2374 seusu
484 2330 612 2375 sensum
626 2308 733 2375 dicant
746 2308 906 2387 emissum,
919 2308 1094 2394 praeeiduut
1107 2328 1234 2373 sensum
1249 2306 1311 2372 Dei

155 2415 188 2475 et
201 2410 388 2495 partiuntur.
434 2411 505 2493 Quo
518 2420 636 2489 autem,
652 2418 685 2476 et
699 2410 782 2475 unde
795 2410 929 2475 emissus
945 2411 1017 2475 est!
1060 2408 1154 2490 Quod
1172 2408 1257 2474 enim
1270 2407 1311 2472 ab

155 2510 260 2595 aliquo
274 2511 437 2590 emittitur,
452 2512 485 2575 iu
499 2512 625 2598 aliquod
638 2512 818 2597 subjeetum
832 2511 998 2577 emittitur.
1020 2511 1104 2593 Quid
1118 2519 1225 2575 autem
1238 2510 1312 2575 sub-

153 2612 280 2699 jacebat
293 2612 453 2698 antiquius
469 2635 564 2699 quam
581 2634 693 2679 sensus
708 2613 780 2691 Dei,
794 2614 828 2677 in
842 2612 926 2698 quod
939 2613 1087 2678 emissum
1101 2612 1210 2678 diouru
1223 2614 1312 2677 eum!

157 2715 302 2797 Quantus
316 2722 422 2780 autem
436 2724 469 2781 at
483 2726 551 2782 erat
562 2716 661 2795 loeus,
673 2723 711 2781 ut
724 2717 897 2803 susciperet
910 2723 944 2781 et
956 2723 1083 2803 saperet
1094 2715 1155 2781 Dei
1169 2718 1312 2781 sensum!

158 2816 193 2883 si
213 2824 330 2896 autem,
346 2819 607 2903 quemadmodum
621 2839 642 2884 a
655 2816 721 2883 sole
738 2818 861 2883 radium
874 2818 991 2898 dicam,
1006 2819 1089 2883 siout
1102 2817 1244 2903 subjaost
1256 2824 1313 2882 adr

156 2920 210 2986 hie
220 2920 422 3007 ⁸suseeptior,
432 2931 465 2987 et
479 2921 635 3007 antiquior
644 2920 705 2987 erit
716 2942 811 3007 quam
821 2921 889 3008 ipse
901 2921 1017 2999 radius,
1028 2929 1062 2986 et
1073 2920 1135 2986 illio
1146 2920 1313 2987 ostendant

156 3023 322 3110 subjacens
334 3022 460 3108 aliquid,
476 3024 508 3088 iu
523 3023 607 3109 quod
621 3024 754 3089 emimus
767 3031 818 3089 est
830 3045 942 3090 sensus
957 3024 1028 3102 Dei,
1043 3023 1183 3111 eapabile
1197 3024 1266 3110 ejus
1279 3032 1314 3089 et

155 3126 325 3211 antiquius.
380 3126 461 3192 Post
482 3127 647 3213 oportebit,
670 3126 931 3212 quemadmodum
952 3126 1050 3191 solem
1071 3126 1223 3191 minorem
1244 3147 1314 3191 ems

155 3250 251 3316 quam
265 3230 370 3295 omnia
383 3230 534 3309 videmus,
549 3229 643 3319 louge
656 3252 677 3297 a
690 3229 861 3317 semetipso
874 3230 1072 3296 emittentem
1086 3229 1200 3307 radios,
1214 3228 1261 3294 sie
1280 3238 1314 3294 et

157 3334 363 3421 Propatorem
384 3332 487 3400 diuers
508 3343 600 3401 extra
619 3342 653 3401 et
673 3334 766 3422 longe
787 3354 808 3398 a
828 3334 997 3420 semetipso
1018 3333 1159 3398 emisisse
1179 3332 1311 3399 radium

157 3437 315 3521 Quidnam
338 3444 445 3505 annm
470 3447 562 3505 extra
581 3447 639 3504 aut
659 3438 753 3527 longo
773 3437 884 3503 sentiri
905 3458 926 3503 a
946 3436 1017 3502 Deo
1038 3442 1154 3522 potest,
1174 3432 1210 3499 in
1229 3434 1314 3520 quod

155 3542 277 3607 radium
291 3542 417 3607 omisit!

222 3649 250 3711 2.
297 3645 331 3711 Si
345 3652 452 3711 autem
466 3668 529 3713 non
544 3646 693 3713 emissum
708 3653 799 3711 extra
813 3646 944 3712 Patrem
963 3642 1050 3707 illum
1069 3640 1186 3721 dicant,
1200 3642 1257 3708 sed
1279 3641 1312 3706 iu

156 3746 225 3833 ipso
240 3748 356 3825 Patro;
380 3749 480 3835 primo
495 3750 622 3835 quidem
635 3748 828 3836 superfluum
847 3747 907 3813 erit
925 3746 1021 3812 etiam
1041 3745 1145 3810 dicere
1161 3744 1311 3810 emissum

156 3872 226 3917 esse
240 3874 333 3929 oum;
354 3853 617 3938 quemadmodum
630 3853 714 3918 euim
728 3852 863 3918 emissus
876 3859 936 3930 est,
950 3850 978 3916 si
993 3850 1076 3914 intra
1087 3849 1217 3914 Patrem
1227 3848 1311 3913 erat!

157 3953 295 4021 Emioeio
312 3954 395 4021 enim
412 3964 463 4021 est
476 3957 555 4042 ejus,
574 3955 658 4041 quod
672 3954 837 4033 emittitur,
852 3961 943 4019 extra
956 3952 1153 4017 emittentem
1167 3950 1312 4014 manifes-

156 4060 246 4125 tatio.
291 4059 370 4125 Post
391 4058 504 4125 deiude
524 4059 585 4125 hoo
606 4058 731 4136 emisso,
754 4064 788 4123 et
810 4057 839 4121 is
859 4056 912 4142 qui
934 4063 985 4121 est
1005 4055 1046 4120 ab
1063 4075 1101 4119 eo
1125 4053 1232 4140 Ιιοςοιι
1251 4051 1314 4117 erit

157 4161 240 4228 iutra
253 4161 401 4228 Patrem:
424 4161 567 4227 similiter
585 4168 692 4226 autem
706 4167 740 4225 et
753 4157 880 4245 reliquae
897 4156 977 4245 Logi
998 4156 1189 4223 emissiones.
1234 4153 1259 4219 J
1260 4174 1313 4219 am

206 4361 285 4411 ιΤιο
302 4361 437 4412 translator
452 4358 711 4411 sumtobarsrosd
760 4355 965 4423 oulyprsferablo
951 4352 1313 4414 ‹smwMassum'smpt

158 4444 422 4576 ούιεηοῖοονιιὲιύιι.
761 4438 1020 4502 amfllwiugthoau
1003 4434 1311 4501 wthnmtyfthcnrnu

207 4524 257 4576 ’is
305 4541 433 4586 emus,
447 4526 506 4576 νοῦς.
760 4521 869 4572 Auuru
892 4519 974 4570 Voss.
997 4517 1159 4568 ⁸11.de
1180 4528 1211 4564 11
1235 4513 1313 4563 MSS.

207 4542 381 4673 'Siieeption
406 4607 525 4658 Guass's
551 4606 661 4673 reading,
689 4606 711 4656 is
762 4600 1138 4667 drdmrsbmprobablytb
1124 4598 1262 4663 soriginal.
