3225 5184
353 396 420 463 274
822 412 1037 467 venareum

194 585 248 627 ura.
253 584 301 625 ιι
304 585 335 625 ,ι
352 584 416 629 non
437 564 600 631 credentes
618 563 764 653 qnoniam
779 564 869 633 Deus
884 588 926 632 ex
941 565 993 630 his
1015 586 1086 653 quae
1108 584 1171 629 non
1190 570 1290 644 mant,
1308 562 1514 651 quemadmo-

189 632 334 721 “aalide
322 660 427 733 dum
441 668 548 748 voluit,
569 691 608 735 ea
629 692 698 756 quae
719 670 804 736 iacta
824 677 900 737 sunt
920 677 957 764 ut
973 677 1080 735 essent
1100 666 1206 734 omnia
1225 666 1309 746 iecit,
1331 666 1514 732 suavolun·

354 780 420 838 tate
448 782 482 838 et
507 775 622 840 virtute
652 774 846 841 ¹substantia
880 796 966 852 usus,
993 794 1154 839 sermones
1179 793 1277 837 vanos
1304 770 1514 857 collegerunt,

353 898 425 942 vere
445 878 645 943 ostendentes
666 898 756 943 suam
770 877 1023 943 8infidelitatem:
1047 876 1194 963 qnoniam
1220 875 1346 963 quidem
1366 874 1418 939 his
1440 896 1515 961 quae

354 986 428 1045 sunt
442 1001 506 1045 non
520 980 660 1061 credunt,
678 980 711 1045 in
726 980 759 1046 id
772 981 857 1069 quod
870 1002 934 1047 non
948 989 999 1047 est
1012 979 1205 1045 deciderunt.

846 1217 950 1287 OAP.
972 1218 1022 1286 X.

358 1358 542 1453 Quoniam
582 1359 824 1437 substantiam
866 1357 1032 1435 matema
1073 1356 1151 1433 lobi
1192 1356 1394 1457 odjuuqerc
1437 1384 1515 1433 non

430 1492 567 1555 constat
579 1510 591 1567 ,·
621 1480 801 1555 collemate
831 1490 953 1553 autem
982 1490 1016 1551 ct
1041 1475 1174 1553 matuta
1199 1476 1278 1552 Dei
1303 1490 1452 1570 constat,
1478 1491 1515 1552 ct

418 1596 542 1697 fidem
558 1598 672 1673 babet.

357 1768 389 1831 1.
433 1764 531 1846 Quos
557 1764 641 1830 enim
666 1762 775 1829 dicunt
789 1784 830 1828 ex
851 1761 997 1850 lacrymis
1023 1761 1214 1840 Achamoth,
1241 1761 1420 1827 humectam
1440 1783 1516 1849 pro·

356 1867 440 1934 disse
461 1868 681 1947 substantiam,
701 1888 721 1932 a
741 1867 806 1934 risu
824 1874 931 1932 autem
952 1866 1097 1946 lucidam,
1115 1887 1137 1931 a
1158 1866 1287 1932 tristitia
1307 1872 1413 1931 antem
1438 1865 1516 1931 soli·

355 1971 439 2049 dam,
454 1978 487 2036 et
500 1991 521 2035 a
535 1971 646 2037 timore
659 1970 817 2049 mobilem,
831 1977 865 2035 et
878 1970 911 2033 in
924 1968 975 2034 his
988 1968 1088 2034 altum
1101 1990 1211 2055 sapere
1225 1976 1259 2035 et
1273 1969 1414 2034 inflatum
1428 1990 1515 2047 me,

355 2075 512 2160 quomodo
539 2074 607 2141 haec
633 2097 697 2140 non
722 2074 818 2161 digna
843 2073 984 2140 irrisione
1012 2082 1046 2139 et
1071 2095 1143 2139 vere
1171 2073 1321 2139 ridicula!
1356 2072 1411 2160 qui
1448 2093 1515 2137 non

355 2176 486 2241 credunt
511 2174 646 2263 quidem,
669 2176 816 2262 quoniam
841 2176 944 2262 ipsam
970 2176 1143 2255 materiam,
1169 2199 1242 2242 cnm
1270 2177 1314 2242 sit
1337 2184 1451 2262 potens
1478 2184 1517 2240 et

355 2278 442 2343 dives
463 2278 497 2342 in
518 2277 672 2355 omnibus,
689 2278 778 2344 Deus
799 2278 926 2358 creavit,
945 2278 1121 2346 nescientes
1139 2288 1290 2366 quantum
1305 2286 1409 2367 potest
1421 2278 1516 2366 spiri·

356 2380 428 2447 telis
442 2388 476 2447 et
488 2380 591 2447 divina
611 2382 805 2459 snbstantia;
831 2382 995 2449 credentes
1012 2391 1120 2449 autem
1141 2384 1289 2471 qnoniam
1310 2382 1517 2469 Materipso-

355 2506 436 2564 rum,
460 2507 555 2573 quam
574 2486 735 2551 ioeminam
758 2508 779 2551 a
803 2486 933 2552 foemina
951 2494 1074 2567 vocant,
1100 2487 1294 2574 apraedictis
1315 2487 1517 2574 passionibus

344 2587 461 2674 'emisit
474 2595 596 2655 tantam
614 2588 800 2656 conditionis
826 2590 1008 2656 materiam:
1032 2597 1066 2656 et
1085 2597 1263 2677 quaerentes
1281 2590 1406 2677 quidem
1428 2590 1516 2655 unde

355 2692 583 2780 ”suppeditavit
603 2692 780 2759 fabricatori
804 2692 993 2759 conditionis
1017 2692 1225 2772 *substantia
1247 2714 1311 2759 non
1337 2700 1516 2779 quaerentes

355 2803 461 2861 autem
475 2796 558 2861 unde
574 2796 673 2861 Matri
687 2796 835 2883 ipsorum,
848 2818 942 2884 quam
958 2795 1166 2883 Enthymesin
1177 2804 1210 2863 et
1228 2796 1380 2883 impetum
1392 2796 1517 2862 AEonis

354 2898 489 2963 errantis
503 2899 620 2975 dicunt,
641 2898 813 2985 ’lacrymas
834 2908 941 2965 tantas
961 2907 1017 2964 aut
1040 2899 1178 2978 sudores,
1202 2909 1260 2965 ant
1283 2898 1439 2979 tristitias,
1458 2908 1516 2965 aut

355 3000 474 3088 reliqua
487 3000 627 3066 materies
648 3000 784 3068 emissio.

421 3106 453 3169 2.
497 3102 680 3169 Attribuere
699 3103 783 3168 enim
804 3104 1014 3171 substantiam
1035 3125 1233 3191 eorumquae
1253 3105 1338 3171 iacta
1357 3111 1434 3169 sunt
1453 3103 1516 3168 vir·

356 3205 418 3272 tuti
443 3213 476 3272 et
505 3206 656 3273 voluntati
689 3207 759 3294 ejus
787 3208 841 3295 qni
869 3215 920 3274 est
947 3207 1087 3273 omnium
1115 3207 1214 3287 Deus,
1243 3216 1276 3273 et
1307 3206 1456 3274 credibile
1481 3216 1517 3273 et

211 3326 295 3365 uexv·
356 3308 546 3395 acceptabile
560 3316 593 3374 et
607 3316 755 3375 conamus
773 3319 806 3377 et
828 3311 862 3376 in
881 3311 942 3376 hoc
962 3310 1043 3375 bene
1061 3310 1254 3375 “dicereturr
1277 3309 1427 3397 quoniam
1445 3333 1517 3397 quer

356 3411 557 3499 impossibilia
571 3422 642 3479 eunt
655 3413 744 3500 opud
760 3414 902 3495 immam,
916 3413 1080 3501 possibilia
1100 3425 1172 3480 runt
1192 3416 1281 3500 opud
1292 3416 1413 3486 Deum·
1437 3436 1517 3499 quo-

356 3514 440 3581 niam
454 3515 596 3582 homines
610 3517 735 3604 quidem
750 3518 789 3584 de
811 3518 908 3583 nihilo
922 3539 986 3583 non
1000 3525 1133 3603 possunt
1145 3516 1262 3605 aliquid
1276 3518 1388 3597 iacere,
1402 3518 1461 3583 sed
1474 3518 1517 3583 de

356 3617 487 3684 materia
501 3619 687 3706 subjacenti:
705 3619 793 3686 Deus
808 3629 915 3687 autem
929 3642 1024 3707 quarn
1039 3619 1183 3687 homines
1195 3621 1257 3687 hoc
1270 3622 1371 3707 primo
1392 3620 1515 3700 melior,

356 3740 395 3783 eo
418 3719 503 3806 qnod
528 3722 693 3786 materiam
719 3722 933 3789 fabricationis
959 3746 1025 3790 suae
1050 3746 1122 3789 oum
1149 3732 1224 3790 ante
1250 3746 1314 3789 non
1339 3731 1423 3790 esset
1446 3725 1552 3811 ipses.
1565 3746 1596 3784 ιιι

356 3822 528 3887 adinvenit.
575 3822 689 3889 Dicere
703 3832 809 3891 antem
823 3826 863 3892 de
879 3826 1066 3913 Enthymesi
1081 3827 1201 3893 AEonis
1214 3827 1347 3893 errantis
1360 3828 1517 3915 prolatam

406 3975 416 4008 ¹
433 3976 451 4027 i.
460 3991 479 4027 a.
501 3984 624 4041 unquam
639 3978 780 4041 autumatio,
800 3982 912 4031 οὐσιώσει
1011 3977 1092 4029 ’The
1108 3980 1208 4030 cnm.
1226 3980 1346 4045 readinffi
1362 3980 1516 4031 Gaaufol·

357 4060 514 4121 χρησάμενοι,
538 4060 559 4109 is
580 4060 655 4125 given
676 4061 711 4127 by
730 4062 825 4111 Gaas!
846 4064 911 4112 from
961 4060 1023 4109 lows
1033 4060 1079 4109 the
1088 4062 1140 4111 AB.
1153 4061 1212 4112 ΜΒ.
1224 4061 1399 4124 Mundam

357 4140 529 4191 Faunum
542 4159 569 4192 aa
580 4143 624 4192 tha
638 4143 798 4207 explanation
810 4146 839 4194 of
851 4145 910 4193 Bne
1011 4140 1022 4174 ⁸
1037 4142 1092 4191 mse
1102 4144 1238 4193 translator
1249 4158 1328 4193 seems
1342 4150 1369 4193 to
1380 4145 1446 4194 bave
1455 4146 1517 4194 read

357 4230 425 4279 uros,
446 4219 496 4268 and
518 4218 635 4284 repeated
656 4220 691 4285 by
708 4219 839 4272 Massam
860 4222 910 4271 and
962 4224 1239 4287 hdpaeemppeditooit
1253 4226 1519 4291 tbeseaserequiring

357 4294 481 4347 fflusas,
531 4296 584 4346 But
612 4296 723 4347 Bumus
750 4303 820 4348 must
847 4300 910 4349 have
963 4304 1519 4368 brtpxwoatititmdthcsarneoonfuaion

355 4378 455 4427 written
463 4394 492 4427 or
502 4384 594 4439 meant,
602 4380 671 4441 adalp
683 4380 739 4428 duct
750 4380 908 4443 χρησόμενοι,
960 4388 1012 4437 will
1029 4392 1135 4437 wconnt
1150 4388 1244 4438 fortbc
1258 4388 1383 4439 solemma
1395 4390 1521 4453 tomus

355 4458 406 4507 and
417 4457 443 4505 in
454 4457 497 4507 tho
514 4458 600 4519 Latin,
617 4458 669 4508 soto
680 4474 728 4508 man
743 4458 866 4511 seiuncta
881 4476 911 4511 ac
1007 4468 1126 4519 mattea

352 4537 911 4605 mammaeamnotpmmmmetm
1010 4544 1416 4607 ⁴sutacnttc,te.eataamtana

356 4616 474 4678 mattae,
486 4632 553 4681 urm,
568 4621 611 4671 tua
1011 4626 1023 4658 ⁸
1039 4627 1140 4677 curan.
1153 4628 1256 4679 dictem.
