3225 5184
351 391 419 458 320
636 407 736 462 cieo
762 406 930 461 eremum
955 403 1224 460 unveasrrun.

216 583 310 670 meiq.
349 561 524 650 figuratur!
567 560 651 643 Quid
671 567 787 636 autem,
809 579 882 624 cum
904 556 1042 642 spiritale
1066 563 1161 632 eeaet,
1182 575 1262 640 opua
1281 553 1312 621 ei
1335 553 1404 620 tuit
1428 563 1471 620 ut
1493 555 1528 618 in

219 641 305 762 ἷὲὶῇξῇἶ
350 689 475 734 comem
493 667 716 732 descenderet?
739 665 833 730 1Οιιτο
855 663 939 728 enim
957 669 1030 749 eget
1052 660 1194 746 spiritali,
1212 659 1239 725 ai
1254 667 1365 725 tamen
1381 659 1526 745 incipiet

204 769 321 855 “mlh
350 769 472 848 salvam
486 778 523 834 ut
536 769 570 833 in
583 789 621 834 eo
631 767 853 843 sanctificetur,
861 774 896 830 et
903 764 1099 842 clarificetur,
1108 770 1142 828 et
1154 763 1362 828 absorbeatur
1376 763 1525 828 mortale

186 891 337 958 Μ
351 873 408 936 ²ab
423 871 675 938 immortalitate:
698 869 830 955 spiritali
846 877 952 934 autem
973 868 1007 932 in
1023 875 1126 933 totum
1143 887 1206 931 nou
1220 875 1270 932 eet
1288 889 1371 952 opua
1390 889 1524 944 eorum,

186 965 308 1004 'cm‘
350 995 421 1060 quae
434 983 509 1039 aunt
522 974 585 1039 hic.
629 973 702 1038 Non
716 972 798 1038 enim
813 993 872 1037 noe
885 970 970 1049 illud,
985 971 1042 1036 eed
1056 970 1132 1035 illud
1145 991 1205 1034 noe
1218 968 1363 1035 meliores
1377 969 1478 1036 iacit.

416 1081 446 1147 2.
499 1077 616 1142 Adhuc
643 1085 749 1142 autem
775 1075 971 1140 nranil'eetiua
995 1073 1048 1161 qui
1075 1082 1125 1140 eet
1153 1073 1340 1138 desemine
1366 1073 1523 1159 ipsorum

349 1203 462 1258 sermo,
477 1181 619 1269 arguitur
637 1181 742 1258 salsus,
766 1189 799 1244 et
818 1201 839 1244 a
859 1179 999 1267 quolibet
1021 1179 1155 1266 perspici
1173 1185 1288 1265 potest,
1308 1177 1343 1242 in
1362 1201 1406 1244 eo
1428 1179 1521 1263 quod

350 1286 455 1352 dicent
476 1308 530 1351 eas
551 1285 672 1350 animae
693 1307 763 1370 quae
785 1283 951 1348 habuerint
966 1305 987 1348 a
1006 1283 1112 1348 Matre
1132 1304 1249 1360 semen,
1274 1282 1423 1347 meliores
1442 1284 1521 1347 reli-

349 1390 420 1476 quis
440 1389 526 1454 lieri:
550 1396 737 1475 quapropter
758 1396 790 1454 et
812 1389 980 1452 honoratae
992 1409 1015 1451 a
1029 1387 1210 1474 Demiurgo,
1232 1394 1265 1451 et
1285 1386 1460 1474 principes,
1485 1397 1520 1452 et

349 1515 450 1580 reges,
466 1501 499 1560 et
513 1493 691 1558 sacerdotes
704 1491 864 1557 ordinatae
880 1512 961 1557 eoae.
1005 1490 1040 1557 si
1054 1490 1138 1556 enim
1152 1499 1220 1556 erat
1233 1491 1294 1556 boc
1311 1513 1435 1568 verum,
1452 1492 1519 1578 pri·

350 1617 420 1662 mua
434 1596 540 1682 utique
556 1595 691 1681 Caiphae
711 1617 854 1661 eummue
865 1595 1021 1673 aaeerdoe,
1035 1603 1069 1660 et
1083 1594 1206 1672 Annae,
1220 1602 1254 1658 et
1267 1593 1378 1679 reliqui
1393 1596 1518 1658 summi

349 1698 528 1764 secerdotes
558 1706 609 1764 ³et
637 1697 717 1786 legia
745 1698 899 1774 doctores,
928 1705 962 1762 et
989 1697 1145 1782 principes
1172 1696 1277 1782 populi
1300 1695 1518 1764 credidissent

350 1800 497 1880 Domino,
513 1802 547 1866 in
567 1824 638 1868 eam
663 1801 882 1889 cognationem
900 1807 1139 1876 concurrentes,
1161 1807 1195 1865 et
1214 1809 1306 1865 ⁴ante
1327 1800 1391 1865 hoc
1412 1802 1517 1866 etiarn

351 1905 497 1972 Herodes
521 1927 588 1974 rex.
633 1907 787 1989 Quoniam
809 1913 915 1970 autem
936 1924 995 1970 nec
1016 1903 1077 1982 hic,
1100 1925 1159 1969 nec
1179 1902 1294 1969 summi
1313 1904 1516 1982 sacerdotes,

283 2027 288 2044 ·
348 2030 408 2074 nec
433 2010 486 2096 qui
511 2019 675 2095 praeerant,
699 2029 799 2094 neque
824 2007 899 2074 cleri
926 2007 965 2074 de
987 2007 1100 2094 populo
1120 2015 1319 2072 accurrerunt
1339 2006 1391 2082 ei;
1411 2008 1476 2073 aed
1496 2029 1515 2073 e

350 2111 506 2178 contrario
524 2113 577 2197 qui
592 2121 682 2178 erant
696 2112 728 2176 in
745 2113 804 2176 viis
823 2111 957 2178 mendici
977 2111 1132 2188 sedentes,
1150 2111 1246 2189 surdi,
1269 2120 1303 2176 et
1320 2111 1411 2188 caeci,
1433 2121 1473 2178 et
1494 2134 1572 2179 aue

349 2212 476 2299 reliquis
504 2215 767 2281 conculcabantur
797 2223 831 2280 et
861 2214 1151 2292 contemnebantur,
1180 2213 1448 2299 quemadmodum
1480 2225 1513 2281 et

189 2341 340 2382 iconiae
352 2316 471 2383 Paulus
495 2317 554 2383 ait:
598 2318 704 2384 Videte
725 2319 808 2384 euim
828 2318 1012 2384 vocatiouem
1036 2327 1178 2396 neutram,
1199 2319 1334 2402 fratrer,
1358 2321 1512 2403 qaonim

187 2390 218 2429 η
351 2443 411 2488 neo
424 2421 517 2488 multi
529 2421 680 2508 sapienter
695 2421 801 2508 ⁵epod
820 2442 880 2500 ooo,
898 2442 953 2486 ruo
973 2419 1094 2499 ooliba
1113 2442 1209 2508 oeque
1220 2423 1343 2506 fertur
1364 2421 1425 2485 rod
1440 2445 1511 2508 quc

342 2526 478 2609 fueruat
499 2524 738 2612 contemptibilia
763 2524 883 2603 maadi,
914 2525 1001 2611 clepit
1029 2525 1127 2590 Deru.
1179 2524 1253 2590 Non
1281 2523 1388 2609 itaque
1417 2535 1510 2590 erant

350 2626 496 2694 meliorea
509 2627 589 2694 telee
610 2628 723 2694 animm
738 2635 866 2714 propter
878 2627 1007 2694 eeminie
1019 2627 1247 2715 depositionem
1263 2649 1366 2713 neque
1379 2639 1510 2714 propter

350 2731 411 2798 hoo
424 2732 709 2798 honorificabantur
722 2754 742 2797 a
757 2730 940 2818 Demiurgo.

415 2837 448 2901 3.
485 2835 530 2900 Et
544 2835 583 2900 de
597 2857 635 2900 eo
649 2834 783 2920 quidem,
800 2834 883 2920 quod
896 2834 939 2900 eit
952 2835 1060 2923 regula
1072 2835 1210 2923 ipsorum
1224 2835 1348 2900 infirma
1359 2844 1396 2902 et
1409 2837 1509 2904 inste

350 2937 431 3016 bilia,
451 2937 553 3003 adhuc
574 2937 670 3004 etiam
684 2945 717 3004 et
731 2959 821 3016 vana,
834 2937 993 3004 sufficiunt
1007 2961 1077 3025 qme
1097 2939 1182 3004 dicte
1202 2947 1287 3005 eunt.
1332 2939 1403 3005 Nec
1422 2943 1508 3006 enim

350 3048 483 3127 oportet,
506 3041 588 3127 quod
608 3040 686 3108 solet
707 3040 778 3117 dici,
800 3041 977 3106 universum
992 3043 1117 3108 ebibere
1136 3063 1224 3108 mare
1243 3046 1334 3109 ⁰cum
1355 3043 1411 3128 qui
1433 3046 1508 3110 velit

350 3142 470 3208 discere
488 3142 634 3229 quoniam
649 3165 732 3230 aqua
746 3144 814 3229 ejus
834 3141 918 3208 eaba
934 3152 993 3209 eat.
1039 3144 1102 3209 Sed
1123 3145 1384 3232 quemadmodum
1400 3156 1563 3213 elatmee·

350 3245 390 3312 de
404 3244 470 3311 luto
484 3246 577 3325 lecta,
591 3245 729 3312 colorata
741 3255 848 3314 autem
861 3247 1034 3335 superficie,
1048 3257 1085 3313 ut
1101 3256 1229 3334 putetur
1241 3271 1337 3314 aurea
1350 3271 1423 3316 eeee
1437 3275 1507 3337 que

349 3347 392 3413 eit
413 3347 508 3428 lutea,
529 3349 703 3437 quicunque
723 3351 857 3438 accipiet
874 3374 915 3417 ex
929 3373 967 3416 ea
981 3351 1164 3437 perticulam
1184 3352 1454 3441 qualemcumque,
1475 3364 1507 3420 et

351 3453 555 3538 lexaperiens
570 3453 742 3519 ostenderit
757 3454 870 3533 lutum,
885 3454 1031 3521 liberabit
1043 3475 1100 3521 eoa
1113 3455 1167 3541 qui
1181 3455 1347 3521 veritatem
1360 3467 1507 3542 quaerunt

400 3580 410 3614 ²
430 3581 558 3632 Obttarior
567 3590 600 3632 al
612 3583 755 3634 Ornoirmua
766 3584 794 3633 in
804 3584 904 3635 tum
952 3583 1054 3633 (ium
1066 3583 1116 3633 and
1127 3584 1208 3634 Vota.
1221 3585 1298 3634 MSS.

351 3661 395 3713 bie.
443 3663 528 3723 Graue
555 3663 570 3722 ἡ
592 3666 654 3727 σὰρξ
674 3667 719 3716 τοῦ
739 3669 905 3726 πνευματικοῦ
1001 3665 1084 3714 ‘anu
1093 3664 1144 3715 tac.
1174 3666 1219 3716 Ch.
1232 3667 1369 3718 audvosa.
1383 3674 1441 3718 oet,
1453 3667 1502 3718 hot.

352 3745 435 3803 δεῖται,
450 3745 597 3805 εἴγεμέλλοι
608 3748 734 3808 σώζεσθαι,
745 3747 904 3813 idert,eiqur'-
1002 3747 1013 3780 ⁸
1031 3749 1158 3814 Scriptum
1175 3750 1196 3798 ie
1215 3750 1309 3815 looaoly
1326 3751 1440 3815 quoted3
1456 3750 1504 3799 aud

350 3821 578 3886 densaturumeit,
591 3826 728 3876 ruralium
738 3837 903 3893 coaequatur.
953 3829 1024 3893 opud
1041 3845 1081 3878 ror
1097 3831 1258 3895 correeponda
1275 3833 1337 3881 with
1354 3834 1465 3898 nothing
1479 3833 1504 3881 in

351 3903 382 3954 Bt
397 3921 417 3956 c.
432 3917 472 3968 55.
508 3905 535 3955 Si
557 3922 643 3956 eorum
665 3923 720 3972 quoe
737 3926 813 3974 nuper
829 3911 904 3962 demi-
953 3912 997 3960 the
1011 3911 1095 3960 Greek
1108 3915 1172 3973 text,
1186 3913 1284 3978 though
1296 3913 1341 3962 the
1356 3913 1447 3978 Syriae
1459 3915 1504 3964 lu·

351 3987 571 4052 urgumdieuntur
583 3991 755 4054 myrteriorum
765 3993 906 4058 apeculntor
956 4005 1063 4088 x0:233.

351 4071 609 4136 etauditorinclperet
617 4071 677 4122 lieri.
702 4072 906 4123 Minoam
1003 4073 1044 4122 ‘i
1066 4075 1142 4123 oum
1160 4076 1251 4134 μαθεῖν.
1285 4076 1381 4126 Grau
1399 4078 1461 4127 citer
1477 4078 1504 4126 in

352 4151 515 4216 Intcrprctcm,
540 4151 601 4202 dam
622 4153 649 4201 ia
671 4153 711 4202 leia
732 4171 762 4204 ac
783 4155 906 4204 κιίιιιζίίὸιιι
954 4154 1112 4216 illuatration,
1130 4157 1272 4206 Armua.
1289 4157 1347 4219 Lep.
1365 4159 1450 4207 l'arirn
1461 4161 1505 4217 μὲν

352 4233 429 4283 rer-dir
438 4233 536 4292 μέλλειν
553 4233 666 4298 Incipere
682 4235 758 4297 vertit,
770 4252 825 4285 οιιιιι
838 4237 905 4301 toqui
955 4239 1001 4297 cir,
1018 4239 1091 4300 μικρὰ
1107 4241 1157 4288 drd
1171 4241 1292 4302 μεγάλων,
1313 4242 1353 4289 ral
1366 4241 1440 4303 ὀλίγα
1455 4244 1505 4290 drd

352 4313 459 4376 voluisse
484 4313 528 4378 qui
547 4313 604 4365 Joh.
626 4316 658 4364 iv.
678 4327 717 4377 47.
743 4317 836 4376 ἤμελλε
856 4321 905 4380 γὰρ
955 4321 1502 4384 πολλῶν,ῐνιιμὴέπὶπλιῖονὺμῖιὲηχλοίημει
1575 4368 1576 4385 ,

354 4395 520 4456 ἀποθνήσκειν,
532 4396 670 4448 tremuit·
688 4397 828 4462 Incipiebat
839 4400 905 4448 enim
954 4401 1006 4449 Kal
1020 4402 1070 4464 γὰρ
1085 4405 1115 4452 τὸ
1131 4406 1188 4463 μέλι
1203 4406 1243 4454 rel
1256 4407 1317 4454 circu
1331 4406 1502 4465 δοκιμόζῠπει,

352 4475 423 4523 mori.
458 4474 532 4524 Bne
953 4485 1030 4546 μικρῷ
1038 4485 1159 4546 piperni
1173 4487 1262 4537 randi
1276 4489 1304 4536 τὸ
1319 4489 1375 4547 κᾶν,
1389 4488 1502 4546 εἰκὼ,

400 4553 412 4586 ¹
428 4557 480 4606 Aa.
494 4555 525 4605 ab
536 4555 675 4607 imurortali.
954 4565 1129 4624 δοκιμάζωσιν.

401 4633 413 4666 ⁸
431 4643 452 4684 d
473 4637 532 4699 lecit
551 4638 662 4700 docum,
687 4641 791 4691 omitted
813 4642 839 4692 in
861 4643 906 4694 the
1002 4645 1503 4701 ⁷Th0Aaoro.M8.mdmaaerim.
