3225 5184
666 368 837 422 russum.
1257 358 1325 424 209

64 560 129 646 pff,
165 548 336 595 oareerem.
383 528 429 595 llt
445 528 480 594 id
494 529 582 615 quod
598 528 664 596 ait:
690 532 766 597 Noe
782 532 865 597 enies
880 531 963 609 inde,
980 532 1178 621 quoadusque
1193 536 1324 601 moissi
1335 546 1489 633 {gp-¹¹33}

64 617 143 693 ιιιιῗ
163 648 249 693 menn
264 627 470 715 quadrum
484 629 612 707 reddes,
630 630 897 716 interpretantur,
915 631 1006 718 quasi
1021 654 1088 698 non
1104 641 1202 701 exeat
1217 634 1287 721 quis
1302 640 1488 725 βψω·

163 734 327 813 potestate
344 728 540 815 Angelorum
564 750 684 805 eorum,
703 730 757 816 qui
780 731 936 797 mundum
958 732 1216 811 labrieareruut3
1247 734 1324 801 ¹sed

242 904 306 983 Ele
324 912 493 980 τοσοῦτον
513 904 548 978 di
569 913 906 992 μιτενσωματοῦσθαι
927 906 1177 1009 φάσκουσιτάς
1195 908 1322 1007 ψυχὰς,

165 1012 249 1089 ὅσον
285 1014 398 1092 πάντα
432 1017 478 1093 τά
512 1022 741 1119 ἁμαρτήματα
773 1024 1005 1120 πληρώσωσιν·
1047 1023 1130 1094 ὅταν
1160 1021 1196 1093 δὲ
1223 1021 1323 1108 μηθὲν

163 1128 272 1224 λείπη,
301 1130 386 1204 τότε
415 1132 690 1231 ἕλευθερωθεΐσαν
728 1133 969 1226 ἀπαλλαγῆναι
1004 1132 1090 1232 πρὸς
1116 1136 1235 1207 ἐκεῖνον
1260 1134 1322 1209 τάν

163 1240 311 1341 ὑπεράνω
329 1248 396 1316 τῶν
414 1248 628 1328 κοσμοποιιῦν
645 1245 803 1338 ἀγγέλων
828 1244 922 1330 θεὸν,
945 1246 1000 1318 καὶ
1031 1244 1133 1323 οὕτως
1150 1251 1322 1331 σωθήσεσ-

164 1358 219 1425 θαι
257 1352 370 1432 πάσας
402 1354 464 1433 τάς
500 1354 628 1453 ψυχάς.
692 1356 743 1428 El
778 1389 864 1435 τινες
900 1356 936 1429 di
974 1356 1156 1459 φθάσασαι
1190 1362 1223 1431 ἐν
1260 1360 1321 1451 μῖᾳ

163 1468 332 1566 παρουσίᾳ
362 1468 560 1562 ἀναμιγῆναι
594 1467 719 1545 πάσαις
750 1472 929 1570 ἁμαρτίαις
968 1472 1077 1543 οῦκὲτι
1109 1502 1321 1555 μετενσωμα-

162 1584 309 1665 τοῦνπαι,
329 1578 421 1651 ἀλλὰ
440 1579 551 1655 πάντα
569 1584 653 1665 ὁμοῦ
668 1580 854 1653 ἀποδοῦσαι
871 1580 916 1655 τὰ
936 1586 1132 1683 ὀφλήματα,
1148 1584 1321 1684 ἐλευθερω-

164 1694 322 1774 θήσονται
340 1698 404 1765 τοῦ
420 1695 535 1778 μηκέτι
555 1696 710 1786 γενέσθαι
730 1696 763 1765 ἐν
780 1698 924 1779 σώματι.

241 1824 273 1889 3.
325 1805 395 1876 Καὶ
428 1810 456 1877 εἶ
487 1805 548 1891 μὲν
579 1800 771 1905 πράσσιται
807 1809 885 1906 παρ’
915 1808 1026 1883 αὐτοῖς
1057 1804 1102 1878 τὰ
1134 1806 1226 1892 ἄθεα,
1264 1806 1318 1878 καὶ
1332 1828 1474 1925 ffilf'

163 1916 318 2001 ἔκθεσμα,
338 1918 393 1988 καὶ
413 1919 622 2019 ἀπειρημένα,
648 1919 735 2012 3ἐγὼ
763 1920 818 1991 οῦκ
844 1919 885 1991 ἀν
911 1920 1140 2004 πιστεύσαιμι.
1195 1919 1257 1991 Ἐν
1283 1919 1320 1991 di

162 2037 234 2103 τοῖς
260 2028 525 2127 συγγράμμασιν
550 2032 656 2103 οῦν-ὣν
687 2030 789 2109 οὕτως
828 2032 1097 2131 ἀναγέγραπται,
1131 2032 1185 2103 καὶ
1222 2032 1319 2104 αὐτοὶ

163 2138 265 2218 otene
298 2138 506 2236 ἐξηγοῦνται,
537 2141 599 2217 τὸν
629 2142 761 2227 Ἰησοῦν
796 2145 957 2237 λέγοντες
987 2146 1020 2215 ἕν
1046 2145 1218 2244 μυστηρίῳ
1247 2155 1320 2222 τοῖς

160 2255 324 2336 μαθηταῖς
350 2255 453 2331 αῦτοῦ
475 2255 529 2326 καὶ
559 2256 769 2333 ἀποστόλοις
793 2259 867 2329 κατ’
894 2253 980 2328 idlae
1002 2258 1231 2342 λιλαληκέναι,
1264 2257 1318 2329 καὶ

160 2464 205 2531 sie
221 2472 518 2553 transeorporatum
536 2490 671 2555 semper,
686 2470 892 2555 quoadusque
908 2468 1043 2533 inomni
1060 2468 1189 2533 omnino
1206 2490 1318 2555 opera-

159 2564 258 2641 tione,
282 2588 354 2651 quae
382 2567 416 2631 in
440 2569 561 2634 mundo
586 2575 645 2645 est,
671 2569 746 2633 fiat:
773 2576 807 2633 et
825 2590 922 2652 quum
939 2566 1017 2630 nihil
1035 2567 1173 2633 deluerit
1190 2568 1229 2647 ei,
1246 2575 1318 2633 tum

159 2662 330 2730 liberatam
355 2667 424 2753 ejus
441 2666 580 2732 animam
596 2666 761 2733 ²eliberari
779 2668 821 2731 ad
837 2665 927 2730 illum
943 2664 1060 2742 Deum,
1079 2666 1133 2750 qui
1150 2672 1199 2731 est
1220 2689 1318 2751 snpra

161 2764 290 2850 angelos
307 2766 418 2831 mundi
433 2766 662 2841 fabricatorem
682 2765 727 2831 sio
741 2788 867 2851 qnoque
879 2765 1004 2839 salvari,
1019 2777 1053 2829 et
1069 2786 1178 2829 omues
1193 2764 1316 2831 animas

160 2861 226 2929 eive
242 2863 320 2949 ipsae
337 2872 598 2951 praeoeeupantos
615 2866 648 2930 in
665 2886 729 2931 uno
744 2866 886 2931 adventu
902 2865 936 2929 in
956 2864 1103 2929 omnibus
1123 2863 1317 2930 misceantur

159 2962 408 3047 operationibus,
431 2964 497 3030 sive
522 2966 563 3031 de
593 2987 725 3051 eorpore
755 2964 787 3029 in
817 2986 931 3051 eorpus
962 2964 1239 3050 transmigrantes,
1267 2964 1317 3029 vel

160 3058 308 3127 immissae
336 3064 369 3127 in
391 3085 581 3151 unaquaque
610 3065 715 3151 speeie
739 3063 815 3129 vitae
842 3063 1062 3149 adimplentes,
1082 3071 1116 3129 et
1144 3064 1316 3130 reddentes

160 3159 279 3240 debita,
297 3162 435 3243 liberari,
454 3164 502 3228 uti
515 3164 583 3248 jam
600 3185 663 3227 non
681 3163 780 3228 ⁴fiaut
797 3163 830 3227 in
845 3184 987 3248 eorpore.

232 3265 265 3328 3.
292 3262 378 3327 Etsi
395 3262 525 3348 quidem
541 3263 622 3328 liant
637 3264 705 3328 haeo
718 3264 803 3348 apud
814 3284 879 3342 eos,
898 3283 969 3347 qun
984 3268 1060 3326 sunt
1076 3261 1264 3348 irreligiosa,
1280 3270 1315 3327 et

158 3357 288 3444 injusta,
307 3368 341 3427 et
358 3362 469 3438 vetite,
487 3384 547 3449 ego
563 3384 765 3448 nequaquam
781 3362 919 3426 eredam.
973 3361 1012 3423 ln
1029 3359 1313 3445 eonseriptionibus

159 3468 269 3525 autem
286 3459 412 3526 illorum
426 3461 471 3526 sie
490 3462 705 3547 conscriptum
722 3469 781 3537 est,
793 3467 828 3525 et
844 3459 905 3546 ipsi
921 3460 969 3525 ite
986 3467 1173 3546 exponunt;
1199 3458 1224 3523 J
1225 3482 1313 3524 esum

159 3557 302 3625 dieentes
314 3560 348 3623 in
362 3561 514 3647 mysterio
527 3560 687 3647 discipulis
704 3560 768 3625 suis
783 3568 818 3625 et
833 3558 986 3645 apostolis
1002 3580 1143 3624 seorsum
1159 3558 1311 3639 loentum,

208 3739 218 3772 ¹
237 3741 288 3791 For
302 3743 345 3792 red
357 3743 390 3793 eit
402 3761 430 3793 as
444 3746 544 3809 printed
558 3747 708 3812 tytianus,
759 3743 867 3806 iniquity
884 3744 915 3807 os
929 3760 996 3807 ουιιγ
1012 3743 1076 3793 eine
1095 3744 1154 3808 (and
1175 3744 1208 3793 ef.
1229 3744 1311 3794 Um.

159 3818 174 3869 Ῑ
196 3820 273 3885 adopt
295 3823 445 3873 Massunn's
467 3827 569 3891 reading
586 3828 628 3889 eie,
649 3828 709 3877 heth
759 3826 808 3875 Aa.
827 3827 913 3875 &rona
926 3838 968 3875 m.
982 3826 1006 3889 a)
1019 3826 1043 3875 ie
1058 3825 1180 3889 maieed
1195 3826 1226 3887 hy
1241 3825 1310 3886 ldae,

158 3900 263 3951 besem
273 3904 316 3952 the
333 3904 476 3953 Cumoar
490 3905 546 3955 MS.
559 3907 604 3956 has
619 3909 647 3967 it,
660 3908 710 3957 eud
758 3906 838 3955 under
853 3906 902 3955 ιΙιίι
915 3905 1041 3955 eruditiore
1056 3906 1087 3969 ef
1098 3905 1216 3969 Μαννίου,
1235 3906 1311 3955 Ιιαιι

158 3984 263 4035 muse
273 3986 482 4050 itagreenbetter
492 3989 553 4037 with
564 3990 607 4037 the
618 3990 708 4039 Greek.
757 4004 790 4035 no
806 3989 889 4051 lesper-
910 3988 1030 4037 edesse
1051 3994 1075 4035 to
1095 3988 1122 4037 be
1138 3985 1260 4049 seuere·
1283 4002 1311 4036 so

207 4064 219 4097 ⁸
234 4067 319 4131 Again
331 4068 374 4117 the
385 4069 484 4119 Ourna.
495 4070 599 4134 reading
609 4071 630 4119 is
641 4076 668 4119 to
679 4072 710 4121 be
757 4069 929 4117 Taurunum
945 4068 1096 4117 understood
1109 4084 1155 4117 our
1165 4068 1264 4117 author.
1281 4067 1312 4117 ss·
1369 4124 1378 4143 ι

157 4144 279 4209 followed,
288 4148 408 4213 although
416 4148 510 4198 Gneus
519 4150 568 4199 aud
580 4150 710 4199 Massuur
757 4149 866 4198 ονιαίιιιιι
878 4149 1024 4212 sucinorum
1040 4148 1145 4199 debitrix
1163 4148 1250 4197 σιιίιιιο
1267 4156 1308 4209 ed,

156 4224 220 4277 have
231 4227 325 4291 elenae-i,
335 4229 374 4278 lor
380 4230 460 4279 which
466 4232 536 4280 there
546 4232 568 4281 le
578 4247 612 4281 no
622 4233 710 4281 autho·
756 4230 813 4293 qen
827 4230 873 4279 erit
889 4229 1005 4281 ιὐὶιηίανν
1021 4236 1042 4280 α
1062 4229 1217 4279 admone-ius
1234 4245 1262 4279 a
1277 4231 1312 4279 eie

156 4306 219 4372 rity;
235 4308 269 4357 all
280 4310 322 4358 the
334 4308 410 4359 MSS.
419 4326 492 4374 agree
503 4312 564 4359 with
576 4312 708 4361 theom·
756 4310 944 4374 imuipeedmr

155 4396 237 4449 noun,
249 4389 311 4437 with
324 4390 367 4437 the
383 4390 462 4455 single
475 4392 605 4455 exeeption
622 4392 651 4441 ol
665 4393 708 4443 the
805 4392 817 4425 ⁴
833 4393 920 4443 Mass.
934 4393 1043 4456 fociant,
1065 4392 1198 4454 τρίπωσῑι
1219 4393 1245 4441 ln
1266 4393 1310 4442 21²0

155 4468 296 4529 Annuntn,
308 4470 389 4519 which
395 4471 706 4524 howeverhuetlihernri.
756 4475 863 4525 κακοί
870 4474 972 4537 derum
983 4475 1026 4523 the
1032 4474 1116 4523 Greek
1126 4472 1241 4521 however
1251 4490 1309 4523 oon·

204 4546 282 4613 'eyn
304 4552 346 4599 etr
368 4552 397 4599 dr
418 4552 581 4613 rueretrueret,
607 4552 625 4603 ι’.
638 4568 657 4603 e.
679 4554 712 4617 Is
755 4556 1131 4619 firmaGam'sroadinglrom
1139 4554 1240 4604 thesin.
1249 4555 1308 4606 MS.

258 4656 332 4703 voa.
350 4656 370 4702 r.
1165 4644 1208 4709 14
