3225 5184
659 387 706 439 es
731 386 851 440 suom.
1232 373 1298 441 257

145 550 200 635 qui
215 570 306 634 seper
322 569 428 625 omues,
442 558 470 613 et
479 570 541 634 per
559 548 673 625 omnio,
691 560 719 614 ot
736 550 771 614 io
790 548 927 615 omnibus
945 550 1062 620 ¹71on
1087 549 1155 633 jam
1173 547 1299 633 quidem
1315 562 1371 647 sqq
1378 563 1408 647 1111·
1415 563 1464 647 lq?

145 648 343 713 ostendimus
362 670 460 712 unum
481 670 548 713 esse
573 648 697 714 Deum:
725 672 765 713 er
785 650 861 735 ipsis
885 657 996 714 autem
1013 648 1189 734 Apostolis,
1207 655 1242 712 et
1259 669 1298 711 ex
1314 636 1431 740 ursan.
1441 655 1464 692 ¹¹·

148 745 279 811 Domini
295 747 493 812 sermonibus
517 748 621 813 adhuc
642 750 856 815 ostendemus.
908 747 1013 824 Quale
1030 748 1115 812 enim
1132 754 1191 825 est,
1219 747 1302 811 Pro-

147 846 318 932 phetarum
339 854 374 911 et
396 846 527 913 Domini
554 855 589 912 et
616 848 849 933 Apostolorum
874 848 1091 935 relinquentes
1116 870 1175 914 nos
1199 869 1300 923 voces,

147 947 317 1012 attondere
332 947 381 1011 his
398 947 477 1011 nibil
494 947 563 1011 sani
581 947 781 1013 dicentibus!

635 1165 737 1231 CAP.
762 1166 827 1235 ΙΙΙ.

151 1292 336 1382 Quoniam
360 1292 528 1371 instabile
554 1311 603 1373 est
620 1295 796 1368 Pleroma
823 1292 1007 1366 Valentini
1022 1291 1297 1391 discipolorum.

225 1435 258 1499 1.
311 1433 485 1499 lassamus
510 1436 609 1524 igitur
632 1435 685 1521 qui
708 1441 758 1499 est
782 1434 957 1498 secundum
977 1454 1031 1497 eos
1049 1432 1186 1517 Bythus,
1209 1440 1243 1498 et
1268 1433 1301 1496 id

148 1532 234 1618 quod
252 1539 301 1597 est
315 1533 410 1618 hujus
427 1534 579 1618 pleroma,
598 1546 631 1601 et
648 1532 825 1599 Marcionis
848 1531 945 1597 Deus.
1000 1532 1175 1616 Siquidem,
1194 1554 1303 1616 quem-

148 1633 321 1697 admodum
338 1631 459 1708 dicunt‚
474 1643 568 1700 extra
582 1658 616 1700 se
629 1634 728 1699 babet
745 1634 912 1718 subjacens
924 1631 1054 1715 aliquid,
1073 1632 1156 1715 quod
1168 1654 1302 1699 vacuum

148 1739 182 1796 et
203 1732 350 1795 umbram
373 1740 499 1810 vocant,
526 1741 560 1799 et
587 1756 721 1799 vacuum
745 1734 805 1797 hoc
832 1731 936 1816 majus
958 1731 1135 1815 pleromate
1160 1730 1301 1816 ipsorum
1314 1740 1431 1827 guitot

45 1844 74 1883 M·
86 1845 126 1883 ¹1⁹·
147 1831 338 1896 ostenditur.
392 1831 546 1900 Instabile
564 1841 613 1899 est
629 1840 737 1899 autem
755 1838 788 1897 et
806 1831 867 1895 hoc
885 1830 1101 1905 diceremini
1119 1832 1169 1895 ²se
1194 1830 1302 1896 omnia

149 1930 334 1995 continente
357 1953 404 2007 eo,
423 1934 464 1997 ab
483 1934 585 1999 altero
609 1933 746 2019 quodam
772 1930 962 1995 fabricatam
986 1952 1053 1994 esse
1074 1930 1298 1995 conditionem.

149 2030 289 2116 Oportet
306 2030 391 2095 enim
413 2031 482 2097 illos
504 2033 681 2099 necessario
707 2053 841 2096 vacuum
866 2030 987 2114 aliquid
1010 2039 1044 2094 et
1070 2030 1205 2094 informe
1228 2051 1302 2094 con-

147 2129 242 2205 fiteri,
273 2129 306 2193 iu
335 2152 398 2215 quo
427 2132 618 2198 fabricatum
644 2140 694 2197 est
723 2131 783 2195 hoc
813 2130 899 2214 quod
925 2139 976 2195 est
1001 2129 1191 2204 uuiversum,
1218 2129 1302 2195 inira

146 2228 290 2315 spiritale
308 2230 469 2308 Pleroma;
490 2240 523 2297 et
539 2233 673 2297 informe
688 2232 758 2305 hoo,
776 2232 905 2295 ³utrum
917 2229 1105 2314 praescieute
1120 2230 1301 2315 Propatore

147 2350 218 2413 quae
235 2329 267 2393 in
289 2352 327 2393 eo
348 2330 458 2395 futura
479 2341 639 2407 oranter
662 2330 769 2396 studio
790 2330 835 2395 sic
852 2330 1025 2414 reliquisse,
1048 2352 1088 2393 an
1110 2330 1301 2415 ignorante?

148 2427 193 2493 Et
211 2430 237 2493 si
254 2429 381 2514 quidem
398 2431 578 2518 ignorante,
600 2432 668 2516 jam
686 2452 749 2494 non
773 2429 914 2493 omnium
940 2429 1002 2493 erit
1025 2428 1176 2514 praesoius
1202 2428 1298 2493 Deus.

148 2526 212 2592 Sed
230 2549 289 2591 nec
312 2529 440 2612 quidem
459 2552 587 2595 causam
604 2530 740 2593 reddere
761 2529 935 2596 habebunt.
955 2536 1088 2612 propter
1112 2549 1208 2611 quum
1229 2550 1298 2592 rem

146 2626 251 2690 locum
277 2626 362 2690 hunc
379 2628 577 2713 temporibus
595 2628 696 2693 tantis
718 2627 856 2690 otiosum
878 2626 923 2689 sic
946 2626 1084 2710 reliquit.
1139 2625 1172 2689 Si
1189 2633 1297 2691 autem

146 2724 295 2810 praescius
314 2732 372 2800 est,
391 2735 424 2790 et
436 2732 549 2792 ‘mente
566 2726 799 2811 contemplatus
820 2731 869 2787 est
891 2745 962 2787 eam
984 2724 1208 2797 conditionem,
1227 2748 1298 2808 quae

145 2824 178 2887 in
202 2846 239 2889 eo
262 2824 330 2888 loco
353 2824 463 2891 futura
483 2836 576 2903 esset,
601 2826 667 2911 ipsc
690 2824 765 2889 lecit
792 2845 862 2887 eam
881 2822 936 2908 qui
958 2824 1055 2889 etiam
1081 2824 1298 2910 praelormavit

145 2946 216 2989 eam
234 2923 266 2987 in
284 2924 463 3009 semetipso.
517 2925 690 3002 Quiescant
712 2923 812 3011 igitur
831 2924 938 2987 dicere
955 2925 995 2988 ab
1012 2924 1074 2988 alio
1091 2925 1213 2990 fectum
1230 2947 1298 2989 esse

144 3024 318 3088 mundum:
347 3023 440 3089 simul
458 3025 542 3090 enim
560 3048 598 3091 ac
615 3031 723 3089 mente
741 3018 846 3109 ⁴cepit
865 3023 964 3101 Deus,
982 3032 1015 3089 et
1033 3025 1154 3089 factum
1171 3033 1220 3088 est
1237 3024 1298 3089 hoc

144 3123 229 3207 quod
248 3130 355 3188 mente
373 3134 571 3210 conceperat.
620 3124 687 3189 Nec
705 3124 789 3188 enim
804 3123 952 3208 possibile
968 3131 1039 3187 erat
1056 3124 1152 3187 alium
1169 3124 1298 3208 quidem

143 3228 252 3286 mente
270 3223 445 3308 concipere,
464 3224 561 3289 alium
576 3247 650 3289 vero
667 3225 780 3301 lacere,
800 3245 872 3306 ques
888 3223 999 3287 abillo
1016 3229 1124 3287 mente
1142 3231 1298 3307 concepta

143 3321 281 3387 fuerent.
334 3322 400 3388 Sed
416 3332 473 3390 aut
489 3334 644 3389 aeternum
663 3324 816 3388 mundum
838 3330 946 3385 mente
963 3322 1108 3405 concepit
1125 3324 1297 3386 secundum

143 3444 197 3486 eos
220 3421 388 3487 beeretioos
405 3421 503 3499 Deus,
520 3436 577 3489 aut
592 3423 824 3509 temporalem:
850 3443 921 3505 quae
938 3431 1076 3506 utraque
1090 3421 1296 3487 incredibilia

144 3519 208 3585 Sed
224 3520 250 3587 si
269 3520 397 3607 quidem
418 3531 574 3589 aeternum
594 3545 666 3588 eum
689 3532 797 3587 mente
822 3520 979 3606 concepit,
997 3528 1032 3586 et
1049 3520 1242 3607 ⁵spiritalem
1264 3530 1298 3587 et

191 3697 301 3749 ¹Nobic.
337 3700 371 3749 Ia
394 3700 483 3751 Graecis
504 3702 591 3751 nostroe
614 3702 691 3751 Oodd.
794 3700 989 3751 ³t'eum...an.
1010 3700 1144 3749 Imminet
1154 3708 1214 3750 rede
1224 3700 1298 3761 ἧ...ἢ

140 3781 244 3839 cadule.
279 3780 690 3845 Sedacbieproeterlreooeamtcc,
744 3782 787 3831 boc
798 3782 927 3831 scema
941 3782 1069 3844 Irampres,
1086 3798 1225 3845 sensumque
1240 3783 1298 3831 inde

140 3861 243 3925 etiope
259 3862 316 3911 locis
333 3870 388 3913 onte
405 3863 484 3925 diac,
502 3864 587 3914 behem
602 3865 691 3914 Fiant·
744 3866 868 3914 obscuram
884 3864 1002 3915 reddidit.
1036 3866 1131 3927 sepone
1149 3864 1236 3927 ι’ίαᾳυι,
1255 3873 1299 3913 out

140 3945 225 3993 liaeus
245 3943 273 3992 in
295 3944 369 3993 citato
389 3946 506 4009 Epicteto,
525 3946 644 3996 Hilarius
665 3947 693 3995 in
746 3954 831 3995 ...cut
860 3947 909 3995 Gu.
937 3947 1075 4009 protelem
1085 3947 1202 4006 Cu.,Au.

142 4027 269 4077 Comment.
299 4024 334 4075 cd
358 4026 423 4076 bone
444 4028 530 4088 boam,
555 4028 694 4078 Scholiasta
792 4028 889 4090 ‘sepia
927 4029 1043 4076 Semnan
1054 4043 1171 4091 proposes
1182 4027 1293 4089 concepit,

139 4108 209 4171 apced
219 4107 411 4170 Hieronymum·
426 4110 535 4173 menois
544 4110 596 4173 ipsc
606 4110 693 4159 Hiero·
745 4109 791 4156 but
808 4108 875 4155 since
893 4110 981 4170 ἔλαβεν
997 4109 1018 4156 is
1035 4108 1096 4156 used
1112 4124 1140 4157 as
1156 4109 1295 4169 συνέλαβεν,

140 4203 227 4251 nymnos
253 4188 282 4236 ia
311 4188 485 4239 Omnmmturio
511 4205 555 4238 eoo
582 4197 692 4239 mearum
745 4204 772 4237 so
806 4190 896 4250 ἔλαβεν
924 4191 949 4237 ἐν
975 4192 1007 4251 τῇ
1035 4191 1111 4250 ἐννοίᾳ
1138 4205 1197 4253 may
1222 4189 1296 4253 fairly

140 4268 227 4319 borum
237 4269 465 4331 moneasque
480 4270 588 4319 deestis
608 4270 693 4320 Codice
744 4270 775 4317 be
806 4270 950 4319 considered
977 4287 1004 4319 es
1032 4271 1176 4335 expressing
1202 4272 1297 4319 mental

139 4352 308 4401 Alexandrino
329 4351 438 4415 aliisque,
460 4368 518 4415 quoa
538 4360 638 4401 recenset
657 4352 691 4401 D.
745 4352 900 4415 conception.

139 4431 240 4479 Mittite
254 4431 282 4479 in
297 4446 343 4481 ruo
354 4431 418 4480 Neci
431 4432 570 4481 Testamenti
581 4432 690 4482 odilone.
793 4432 804 4463 ⁵
821 4432 916 4481 Gusss
934 4434 1008 4482 onsits
1024 4432 1159 4496 spiritalem
1175 4440 1203 4494 ct,
1215 4432 1296 4481 wbiob

140 4512 190 4561 Gr.
225 4512 307 4575 ipseis
318 4512 397 4561 added
407 4512 472 4561 from
483 4514 526 4561 the
537 4514 581 4563 Cu.
745 4516 788 4563 tho
800 4515 877 4565 MSS.
896 4516 968 4565 have.
1002 4516 1060 4576 His,
1077 4516 1176 4564 mallem
1187 4514 1295 4564 incitabi-

184 4590 255 4641 ’The
261 4593 360 4642 Chullu.
368 4594 443 4643 omits
449 4608 479 4643 se.
492 4594 524 4643 rb
530 4595 595 4643 κάτω
603 4596 691 4645 πάντα.
745 4597 798 4657 bru,
819 4598 839 4645 is
856 4597 948 4646 ochoed
958 4598 992 4661 by
1003 4598 1153 4647 Msssus‘r's
1163 4597 1295 4661 legendum
