<?xml version="1.0" encoding="UTF-8"?>
<!DOCTYPE html PUBLIC "-//W3C//DTD XHTML 1.0 Transitional//EN"
    "http://www.w3.org/TR/xhtml1/DTD/xhtml1-transitional.dtd">
<html xmlns="http://www.w3.org/1999/xhtml" xml:lang="en" lang="en">
 <head>
  <title>
</title>
<meta http-equiv="Content-Type" content="text/html;charset=utf-8" />
  <meta name='ocr-system' content='tesseract 3.04.00' />
  <meta name='ocr-capabilities' content='ocr_page ocr_carea ocr_par ocr_line ocrx_word'/>
</head>
<body>
  <div class='ocr_page' id='page_1' title='image "./sanctiirenilibr01irengoog_0204.png"; bbox 0 0 3225 5184; ppageno 0'>
   <div class='ocr_carea' id='block_1_1' title="bbox 724 404 938 457">
    <p class='ocr_par' dir='ltr' id='par_1_1' title="bbox 724 404 938 457">
     <span class='ocr_line' id='line_1_1' title="bbox 724 404 938 457; baseline -0.014 -2"><span class='ocrx_word' id='word_1_1' title='bbox 724 404 938 457; x_wconf 75' lang='lat' dir='ltr'><strong>PRAEsAulo.</strong></span> 
     </span>
    </p>
   </div>
   <div class='ocr_carea' id='block_1_2' title="bbox 94 561 1479 1101">
    <p class='ocr_par' dir='ltr' id='par_1_2' title="bbox 94 561 1415 1003">
     <span class='ocr_line' id='line_1_2' title="bbox 128 561 1414 667; baseline -0.006 -26"><span class='ocrx_word' id='word_1_2' title='bbox 128 601 210 641; x_wconf 80' lang='lat' dir='ltr'><strong>arni.</strong></span> <span class='ocrx_word' id='word_1_3' title='bbox 333 567 404 637; x_wconf 80' lang='grc' dir='ltr'><strong>Οὐκ</strong></span> <span class='ocrx_word' id='word_1_4' title='bbox 429 564 636 667; x_wconf 74' lang='grc' dir='ltr'>ἐπιζητήσας</span> <span class='ocrx_word' id='word_1_5' title='bbox 662 563 697 635; x_wconf 80' lang='grc' dir='ltr'><strong>δὲ</strong></span> <span class='ocrx_word' id='word_1_6' title='bbox 726 568 807 664; x_wconf 80' lang='grc' dir='ltr'>παρ’</span> <span class='ocrx_word' id='word_1_7' title='bbox 832 568 920 648; x_wconf 80' lang='grc' dir='ltr'>ήμῶν</span> <span class='ocrx_word' id='word_1_8' title='bbox 944 569 1010 636; x_wconf 76' lang='grc' dir='ltr'>τῶν</span> <span class='ocrx_word' id='word_1_9' title='bbox 1039 564 1072 633; x_wconf 89' lang='grc' dir='ltr'><strong>ε’ν</strong></span> <span class='ocrx_word' id='word_1_10' title='bbox 1097 564 1264 639; x_wconf 75' lang='grc' dir='ltr'><strong>ιΚελτοῖς</strong></span> <span class='ocrx_word' id='word_1_11' title='bbox 1284 561 1414 662; x_wconf 85' lang='grc' dir='ltr'>διατρι-</span> 
     </span>
     <span class='ocr_line' id='line_1_3' title="bbox 94 674 1415 777; baseline -0.004 -25"><span class='ocrx_word' id='word_1_12' title='bbox 94 678 240 686; x_wconf 72' lang='lat'><strong>——</strong></span> <span class='ocrx_word' id='word_1_13' title='bbox 257 681 398 769; x_wconf 84' lang='grc' dir='ltr'>βόνπων,</span> <span class='ocrx_word' id='word_1_14' title='bbox 431 679 485 750; x_wconf 77' lang='grc' dir='ltr'>καὶ</span> <span class='ocrx_word' id='word_1_15' title='bbox 517 678 592 777; x_wconf 72' lang='grc' dir='ltr'>περὶ</span> <span class='ocrx_word' id='word_1_16' title='bbox 620 674 803 777; x_wconf 77' lang='grc' dir='ltr'>βάρβαρον</span> <span class='ocrx_word' id='word_1_17' title='bbox 835 675 1008 749; x_wconf 80' lang='grc' dir='ltr'>διάλεκτον</span> <span class='ocrx_word' id='word_1_18' title='bbox 1036 676 1080 748; x_wconf 86' lang='grc' dir='ltr'><strong>τὸ</strong></span> <span class='ocrx_word' id='word_1_19' title='bbox 1111 686 1277 748; x_wconf 86' lang='grc' dir='ltr'>πλεῖστον</span> <span class='ocrx_word' id='word_1_20' title='bbox 1305 675 1415 772; x_wconf 83' lang='grc' dir='ltr'>ιἰσχο-</span> 
     </span>
     <span class='ocr_line' id='line_1_4' title="bbox 258 786 1414 887; baseline -0.003 -24"><span class='ocrx_word' id='word_1_21' title='bbox 258 793 431 876; x_wconf 82' lang='grc' dir='ltr'>λονμένων,</span> <span class='ocrx_word' id='word_1_22' title='bbox 465 791 579 883; x_wconf 84' lang='grc' dir='ltr'>λόγων</span> <span class='ocrx_word' id='word_1_23' title='bbox 616 792 745 887; x_wconf 77' lang='grc' dir='ltr'>τέχνην,</span> <span class='ocrx_word' id='word_1_24' title='bbox 782 791 819 875; x_wconf 81' lang='grc' dir='ltr'>ήν</span> <span class='ocrx_word' id='word_1_25' title='bbox 854 792 910 862; x_wconf 78' lang='grc' dir='ltr'><strong>οὐκ</strong></span> <span class='ocrx_word' id='word_1_26' title='bbox 944 786 1118 873; x_wconf 78' lang='grc' dir='ltr'>ἐμάθομεν,</span> <span class='ocrx_word' id='word_1_27' title='bbox 1168 791 1245 861; x_wconf 76' lang='grc' dir='ltr'>οὔτε</span> <span class='ocrx_word' id='word_1_28' title='bbox 1283 787 1414 871; x_wconf 77' lang='grc' dir='ltr'>δύναμιν</span> 
     </span>
     <span class='ocr_line' id='line_1_5' title="bbox 260 899 1413 1003; baseline -0.003 -27"><span class='ocrx_word' id='word_1_29' title='bbox 260 905 494 1003; x_wconf 76' lang='grc' dir='ltr'><strong><em>συγγραφέως,</em></strong></span> <span class='ocrx_word' id='word_1_30' title='bbox 521 904 557 988; x_wconf 75' lang='grc' dir='ltr'>ἣν</span> <span class='ocrx_word' id='word_1_31' title='bbox 588 904 643 974; x_wconf 72' lang='lat' dir='ltr'><strong>orire</strong></span> <span class='ocrx_word' id='word_1_32' title='bbox 674 907 868 987; x_wconf 73' lang='grc' dir='ltr'>ἠσκήσαμεν,</span> <span class='ocrx_word' id='word_1_33' title='bbox 900 906 977 975; x_wconf 78' lang='grc' dir='ltr'>οὔτε</span> <span class='ocrx_word' id='word_1_34' title='bbox 1005 900 1248 985; x_wconf 79' lang='grc' dir='ltr'>καλλωπισμὸν</span> <span class='ocrx_word' id='word_1_35' title='bbox 1284 899 1413 995; x_wconf 77' lang='grc' dir='ltr'>λέξεων,</span> 
     </span>
    </p>

    <p class='ocr_par' dir='ltr' id='par_1_3' title="bbox 261 1013 1479 1101">
     <span class='ocr_line' id='line_1_6' title="bbox 261 1013 1479 1101; baseline -0.006 -12"><span class='ocrx_word' id='word_1_36' title='bbox 261 1021 337 1090; x_wconf 74' lang='grc' dir='ltr'>οὔτε</span> <span class='ocrx_word' id='word_1_37' title='bbox 360 1017 580 1101; x_wconf 86' lang='grc' dir='ltr'>πιθανότητα,</span> <span class='ocrx_word' id='word_1_38' title='bbox 610 1016 648 1099; x_wconf 85' lang='grc' dir='ltr'>ήν</span> <span class='ocrx_word' id='word_1_39' title='bbox 677 1017 732 1087; x_wconf 75' lang='lat' dir='ltr'><strong>orire</strong></span> <span class='ocrx_word' id='word_1_40' title='bbox 759 1014 901 1099; x_wconf 77' lang='grc' dir='ltr'>οἴδαμεν·</span> <span class='ocrx_word' id='word_1_41' title='bbox 927 1013 1019 1086; x_wconf 66' lang='lat' dir='ltr'><strong>dat&amp;</strong></span> <span class='ocrx_word' id='word_1_42' title='bbox 1049 1018 1174 1097; x_wconf 69' lang='grc' dir='ltr'>α’πλῶς,</span> <span class='ocrx_word' id='word_1_43' title='bbox 1198 1015 1252 1085; x_wconf 76' lang='grc' dir='ltr'>καὶ</span> <span class='ocrx_word' id='word_1_44' title='bbox 1276 1014 1413 1097; x_wconf 77' lang='grc' dir='ltr'>ἀληθῶς,</span> <span class='ocrx_word' id='word_1_45' title='bbox 1425 1025 1479 1065; x_wconf 62' lang='grc' dir='ltr'><strong>(Μ</strong></span> 
     </span>
    </p>
   </div>
   <div class='ocr_carea' id='block_1_3' title="bbox 260 1124 1414 1342">
    <p class='ocr_par' dir='ltr' id='par_1_4' title="bbox 260 1124 1414 1342">
     <span class='ocr_line' id='line_1_7' title="bbox 260 1124 1414 1226; baseline -0.003 -26"><span class='ocrx_word' id='word_1_46' title='bbox 260 1131 314 1201; x_wconf 78' lang='grc' dir='ltr'>καὶ</span> <span class='ocrx_word' id='word_1_47' title='bbox 334 1128 517 1205; x_wconf 63' lang='grc' dir='ltr'>’ἰδιωτικῶς</span> <span class='ocrx_word' id='word_1_48' title='bbox 544 1127 590 1200; x_wconf 79' lang='grc' dir='ltr'><strong>τὰ</strong></span> <span class='ocrx_word' id='word_1_49' title='bbox 614 1126 700 1212; x_wconf 81' lang='grc' dir='ltr'>μετὰ</span> <span class='ocrx_word' id='word_1_50' title='bbox 729 1124 862 1219; x_wconf 80' lang='grc' dir='ltr'>ἆγᾶπης</span> <span class='ocrx_word' id='word_1_51' title='bbox 881 1160 935 1199; x_wconf 92' lang='grc' dir='ltr'>σοι</span> <span class='ocrx_word' id='word_1_52' title='bbox 961 1129 1151 1226; x_wconf 74' lang='grc' dir='ltr'>γραφέντα,</span> <span class='ocrx_word' id='word_1_53' title='bbox 1172 1126 1258 1210; x_wconf 81' lang='grc' dir='ltr'>μετὰ</span> <span class='ocrx_word' id='word_1_54' title='bbox 1280 1124 1414 1217; x_wconf 78' lang='grc' dir='ltr'>ἀγάπης</span> 
     </span>
     <span class='ocr_line' id='line_1_8' title="bbox 261 1234 1414 1342; baseline -0.005 -29"><span class='ocrx_word' id='word_1_55' title='bbox 261 1243 303 1313; x_wconf 83' lang='grc' dir='ltr'><strong>σὺ</strong></span> <span class='ocrx_word' id='word_1_56' title='bbox 335 1239 514 1342; x_wconf 80' lang='grc' dir='ltr'>προσδέξη,</span> <span class='ocrx_word' id='word_1_57' title='bbox 548 1241 602 1311; x_wconf 77' lang='grc' dir='ltr'>καὶ</span> <span class='ocrx_word' id='word_1_58' title='bbox 635 1240 732 1317; x_wconf 76' lang='grc' dir='ltr'>αὐτὸς</span> <span class='ocrx_word' id='word_1_59' title='bbox 767 1238 916 1334; x_wconf 74' lang='grc' dir='ltr'>αὐξήσεις</span> <span class='ocrx_word' id='word_1_60' title='bbox 943 1238 1027 1311; x_wconf 69' lang='grc' dir='ltr'>αὐτὰ</span> <span class='ocrx_word' id='word_1_61' title='bbox 1054 1237 1146 1338; x_wconf 77' lang='grc' dir='ltr'>παρὰ</span> <span class='ocrx_word' id='word_1_62' title='bbox 1175 1239 1312 1328; x_wconf 79' lang='grc' dir='ltr'>σεαυτῷ,</span> <span class='ocrx_word' id='word_1_63' title='bbox 1351 1234 1414 1309; x_wconf 81' lang='grc' dir='ltr'>ἅτε</span> 
     </span>
    </p>
   </div>
   <div class='ocr_carea' id='block_1_4' title="bbox 260 1349 1415 2126">
    <p class='ocr_par' dir='ltr' id='par_1_5' title="bbox 260 1349 1415 2126">
     <span class='ocr_line' id='line_1_9' title="bbox 260 1349 1413 1454; baseline -0.004 -29"><span class='ocrx_word' id='word_1_64' title='bbox 260 1356 455 1454; x_wconf 70' lang='grc' dir='ltr'>ἱκανώτερος</span> <span class='ocrx_word' id='word_1_65' title='bbox 474 1358 560 1437; x_wconf 73' lang='grc' dir='ltr'>ἡμῶν</span> <span class='ocrx_word' id='word_1_66' title='bbox 581 1350 765 1449; x_wconf 79' lang='grc' dir='ltr'>τυγχάνων,</span> <span class='ocrx_word' id='word_1_67' title='bbox 781 1354 879 1424; x_wconf 75' lang='grc' dir='ltr'>οἱονεὶ</span> <span class='ocrx_word' id='word_1_68' title='bbox 897 1353 1078 1451; x_wconf 80' lang='grc' dir='ltr'>σπέρματα</span> <span class='ocrx_word' id='word_1_69' title='bbox 1098 1353 1151 1423; x_wconf 78' lang='grc' dir='ltr'>καὶ</span> <span class='ocrx_word' id='word_1_70' title='bbox 1172 1350 1278 1450; x_wconf 76' lang='grc' dir='ltr'>ἀρχὰς</span> <span class='ocrx_word' id='word_1_71' title='bbox 1297 1349 1413 1438; x_wconf 79' lang='grc' dir='ltr'>λαβὼν</span> 
     </span>
     <span class='ocr_line' id='line_1_10' title="bbox 261 1462 1414 1566; baseline -0.003 -28"><span class='ocrx_word' id='word_1_72' title='bbox 261 1467 340 1566; x_wconf 81' lang='grc' dir='ltr'>παρ’</span> <span class='ocrx_word' id='word_1_73' title='bbox 363 1472 458 1551; x_wconf 81' lang='grc' dir='ltr'>ήμῶν,</span> <span class='ocrx_word' id='word_1_74' title='bbox 480 1468 533 1537; x_wconf 78' lang='grc' dir='ltr'>καὶ</span> <span class='ocrx_word' id='word_1_75' title='bbox 556 1468 589 1539; x_wconf 82' lang='grc' dir='ltr'>ἐν</span> <span class='ocrx_word' id='word_1_76' title='bbox 613 1470 662 1555; x_wconf 77' lang='grc' dir='ltr'><strong>τῷ</strong></span> <span class='ocrx_word' id='word_1_77' title='bbox 685 1462 809 1537; x_wconf 77' lang='grc' dir='ltr'>πλάτει</span> <span class='ocrx_word' id='word_1_78' title='bbox 841 1497 903 1536; x_wconf 93' lang='grc' dir='ltr'><strong>σου</strong></span> <span class='ocrx_word' id='word_1_79' title='bbox 921 1471 985 1537; x_wconf 79' lang='grc' dir='ltr'><strong>τοῦ</strong></span> <span class='ocrx_word' id='word_1_80' title='bbox 1003 1471 1060 1536; x_wconf 77' lang='grc' dir='ltr'>νοῦ</span> <span class='ocrx_word' id='word_1_81' title='bbox 1086 1466 1141 1537; x_wconf 77' lang='grc' dir='ltr'><strong>ἐπὶ</strong></span> <span class='ocrx_word' id='word_1_82' title='bbox 1171 1464 1260 1536; x_wconf 74' lang='grc' dir='ltr'>πολὺ</span> <span class='ocrx_word' id='word_1_83' title='bbox 1285 1494 1414 1561; x_wconf 81' lang='grc' dir='ltr'>καρπο-</span> 
     </span>
     <span class='ocr_line' id='line_1_11' title="bbox 262 1576 1414 1679; baseline -0.005 -28"><span class='ocrx_word' id='word_1_84' title='bbox 262 1584 422 1679; x_wconf 82' lang='grc' dir='ltr'>φορήσεις</span> <span class='ocrx_word' id='word_1_85' title='bbox 455 1577 500 1650; x_wconf 79' lang='grc' dir='ltr'><strong>τὰ</strong></span> <span class='ocrx_word' id='word_1_86' title='bbox 540 1577 577 1649; x_wconf 86' lang='grc' dir='ltr'>δι’</span> <span class='ocrx_word' id='word_1_87' title='bbox 618 1579 742 1669; x_wconf 81' lang='grc' dir='ltr'>ὀλίγων</span> <span class='ocrx_word' id='word_1_88' title='bbox 775 1578 831 1677; x_wconf 81' lang='grc' dir='ltr'><strong>ὑφ’</strong></span> <span class='ocrx_word' id='word_1_89' title='bbox 865 1582 952 1662; x_wconf 78' lang='grc' dir='ltr'>ήμῶν</span> <span class='ocrx_word' id='word_1_90' title='bbox 985 1579 1144 1676; x_wconf 72' lang='grc' dir='ltr'>εἰρημένα,</span> <span class='ocrx_word' id='word_1_91' title='bbox 1180 1578 1235 1648; x_wconf 72' lang='grc' dir='ltr'>καὶ</span> <span class='ocrx_word' id='word_1_92' title='bbox 1273 1576 1414 1653; x_wconf 75' lang='grc' dir='ltr'>δυνατῶς</span> 
     </span>
     <span class='ocr_line' id='line_1_12' title="bbox 261 1690 1415 1791; baseline -0.004 -28"><span class='ocrx_word' id='word_1_93' title='bbox 261 1696 490 1791; x_wconf 79' lang='grc' dir='ltr'>παραστήσας</span> <span class='ocrx_word' id='word_1_94' title='bbox 522 1702 594 1768; x_wconf 82' lang='grc' dir='ltr'>τοῖς</span> <span class='ocrx_word' id='word_1_95' title='bbox 622 1690 710 1775; x_wconf 72' lang='lat' dir='ltr'><strong>perol</strong></span> <span class='ocrx_word' id='word_1_96' title='bbox 746 1695 810 1760; x_wconf 78' lang='grc' dir='ltr'><strong>σοῦ</strong></span> <span class='ocrx_word' id='word_1_97' title='bbox 837 1692 883 1762; x_wconf 83' lang='grc' dir='ltr'><strong>τὰ</strong></span> <span class='ocrx_word' id='word_1_98' title='bbox 920 1690 1063 1767; x_wconf 83' lang='grc' dir='ltr'>ἆσθενῶς</span> <span class='ocrx_word' id='word_1_99' title='bbox 1094 1691 1150 1789; x_wconf 80' lang='grc' dir='ltr'><strong>ὑφ’</strong></span> <span class='ocrx_word' id='word_1_100' title='bbox 1185 1694 1272 1773; x_wconf 79' lang='grc' dir='ltr'>ήμῶν</span> <span class='ocrx_word' id='word_1_101' title='bbox 1303 1690 1415 1781; x_wconf 77' lang='grc' dir='ltr'>ἁπηγ-</span> 
     </span>
     <span class='ocr_line' id='line_1_13' title="bbox 262 1800 1415 1904; baseline -0.003 -29"><span class='ocrx_word' id='word_1_102' title='bbox 262 1805 416 1896; x_wconf 79' lang='grc' dir='ltr'>γελμένα·</span> <span class='ocrx_word' id='word_1_103' title='bbox 443 1804 496 1874; x_wconf 77' lang='grc' dir='ltr'>καὶ</span> <span class='ocrx_word' id='word_1_104' title='bbox 522 1808 562 1881; x_wconf 83' lang='grc' dir='ltr'><strong>ὡς</strong></span> <span class='ocrx_word' id='word_1_105' title='bbox 586 1807 674 1887; x_wconf 86' lang='grc' dir='ltr'><strong>ήμεῖς</strong></span> <span class='ocrx_word' id='word_1_106' title='bbox 698 1803 992 1902; x_wconf 84' lang='grc' dir='ltr'>ε’φιλοπιμήθημεν,</span> <span class='ocrx_word' id='word_1_107' title='bbox 1020 1800 1125 1874; x_wconf 74' lang='grc' dir='ltr'>πάλαι</span> <span class='ocrx_word' id='word_1_108' title='bbox 1154 1801 1332 1904; x_wconf 74' lang='grc' dir='ltr'>ζητοῦντός</span> <span class='ocrx_word' id='word_1_109' title='bbox 1353 1833 1415 1872; x_wconf 90' lang='grc' dir='ltr'><strong>σου</strong></span> 
     </span>
     <span class='ocr_line' id='line_1_14' title="bbox 261 1916 1413 2014; baseline -0.003 -27"><span class='ocrx_word' id='word_1_110' title='bbox 261 1920 377 1999; x_wconf 84' lang='grc' dir='ltr'>μαθεῖν</span> <span class='ocrx_word' id='word_1_111' title='bbox 405 1918 466 1999; x_wconf 83' lang='grc' dir='ltr'>τήν</span> <span class='ocrx_word' id='word_1_112' title='bbox 499 1918 627 2007; x_wconf 80' lang='grc' dir='ltr'>γνώμην</span> <span class='ocrx_word' id='word_1_113' title='bbox 658 1916 770 2000; x_wconf 73' lang='grc' dir='ltr'>αὐτῶν,</span> <span class='ocrx_word' id='word_1_114' title='bbox 806 1917 852 1999; x_wconf 85' lang='grc' dir='ltr'><strong>μή</strong></span> <span class='ocrx_word' id='word_1_115' title='bbox 882 1917 983 1999; x_wconf 86' lang='grc' dir='ltr'>μόνον</span> <span class='ocrx_word' id='word_1_116' title='bbox 1009 1946 1065 1987; x_wconf 90' lang='grc' dir='ltr'>σοι</span> <span class='ocrx_word' id='word_1_117' title='bbox 1092 1923 1228 1997; x_wconf 81' lang='grc' dir='ltr'>ποιήσαι</span> <span class='ocrx_word' id='word_1_118' title='bbox 1256 1917 1413 2014; x_wconf 79' lang='grc' dir='ltr'>φανερὰν,</span> 
     </span>
     <span class='ocr_line' id='line_1_15' title="bbox 262 2025 1413 2126; baseline -0.003 -27"><span class='ocrx_word' id='word_1_119' title='bbox 262 2029 354 2100; x_wconf 72' lang='grc' dir='ltr'>ἄλλο’</span> <span class='ocrx_word' id='word_1_120' title='bbox 380 2027 434 2099; x_wconf 75' lang='grc' dir='ltr'>καὶ</span> <span class='ocrx_word' id='word_1_121' title='bbox 463 2026 584 2126; x_wconf 77' lang='grc' dir='ltr'>ἐφόδια</span> <span class='ocrx_word' id='word_1_122' title='bbox 615 2026 723 2098; x_wconf 79' lang='grc' dir='ltr'>δοῦναι</span> <span class='ocrx_word' id='word_1_123' title='bbox 753 2026 838 2126; x_wconf 80' lang='grc' dir='ltr'>πρὸς</span> <span class='ocrx_word' id='word_1_124' title='bbox 864 2026 907 2099; x_wconf 86' lang='grc' dir='ltr'><strong>τδ</strong></span> <span class='ocrx_word' id='word_1_125' title='bbox 937 2025 1141 2099; x_wconf 75' lang='grc' dir='ltr'>ἐπιδεικνύειν</span> <span class='ocrx_word' id='word_1_126' title='bbox 1167 2028 1266 2111; x_wconf 73' lang='grc' dir='ltr'>αι’ντήν</span> <span class='ocrx_word' id='word_1_127' title='bbox 1294 2025 1413 2125; x_wconf 68' lang='grc' dir='ltr'>ψευδῆ·</span> 
     </span>
    </p>
   </div>
   <div class='ocr_carea' id='block_1_5' title="bbox 259 2276 1455 3550">
    <p class='ocr_par' dir='ltr' id='par_1_6' title="bbox 259 2276 1455 3550">
     <span class='ocr_line' id='line_1_16' title="bbox 337 2276 1412 2363; baseline -0.002 -22"><span class='ocrx_word' id='word_1_128' title='bbox 337 2277 410 2343; x_wconf 86' lang='grc' dir='ltr'>Νοιι</span> <span class='ocrx_word' id='word_1_129' title='bbox 428 2284 537 2343; x_wconf 88' lang='lat' dir='ltr'><strong>autem</strong></span> <span class='ocrx_word' id='word_1_130' title='bbox 554 2276 700 2362; x_wconf 82' lang='lat' dir='ltr'>exquires</span> <span class='ocrx_word' id='word_1_131' title='bbox 716 2300 735 2342; x_wconf 98' lang='lat' dir='ltr'><strong>a</strong></span> <span class='ocrx_word' id='word_1_132' title='bbox 752 2277 852 2350; x_wconf 87' lang='lat' dir='ltr'><strong>nobis,</strong></span> <span class='ocrx_word' id='word_1_133' title='bbox 871 2277 925 2362; x_wconf 93' lang='lat' dir='ltr'><strong>qui</strong></span> <span class='ocrx_word' id='word_1_134' title='bbox 942 2278 1027 2363; x_wconf 86' lang='lat' dir='ltr'><strong>apud</strong></span> <span class='ocrx_word' id='word_1_135' title='bbox 1046 2277 1153 2343; x_wconf 83' lang='lat' dir='ltr'><strong>Celtas</strong></span> <span class='ocrx_word' id='word_1_136' title='bbox 1169 2298 1412 2357; x_wconf 76' lang='lat' dir='ltr'><strong>commoramur,</strong></span> 
     </span>
     <span class='ocr_line' id='line_1_17' title="bbox 262 2376 1413 2463; baseline -0.003 -20"><span class='ocrx_word' id='word_1_137' title='bbox 262 2387 296 2443; x_wconf 90' lang='lat' dir='ltr'><strong>et</strong></span> <span class='ocrx_word' id='word_1_138' title='bbox 312 2378 346 2442; x_wconf 93' lang='lat' dir='ltr'><strong>in</strong></span> <span class='ocrx_word' id='word_1_139' title='bbox 363 2378 533 2441; x_wconf 83' lang='lat' dir='ltr'><strong>barbarum</strong></span> <span class='ocrx_word' id='word_1_140' title='bbox 553 2398 730 2441; x_wconf 86' lang='lat' dir='ltr'><strong>sermonem</strong></span> <span class='ocrx_word' id='word_1_141' title='bbox 753 2376 938 2463; x_wconf 91' lang='lat' dir='ltr'><strong>plerumque</strong></span> <span class='ocrx_word' id='word_1_142' title='bbox 954 2399 1111 2452; x_wconf 87' lang='lat' dir='ltr'><strong>vacamus,</strong></span> <span class='ocrx_word' id='word_1_143' title='bbox 1128 2376 1280 2441; x_wconf 80' lang='lat' dir='ltr'><strong>orationis</strong></span> <span class='ocrx_word' id='word_1_144' title='bbox 1296 2384 1413 2453; x_wconf 86' lang='lat' dir='ltr'><strong>artem,</strong></span> 
     </span>
     <span class='ocr_line' id='line_1_18' title="bbox 262 2475 1415 2563; baseline -0.001 -21"><span class='ocrx_word' id='word_1_145' title='bbox 262 2500 357 2563; x_wconf 89' lang='lat' dir='ltr'><strong>quam</strong></span> <span class='ocrx_word' id='word_1_146' title='bbox 374 2498 438 2541; x_wconf 93' lang='lat' dir='ltr'><strong>non</strong></span> <span class='ocrx_word' id='word_1_147' title='bbox 454 2475 629 2551; x_wconf 77' lang='lat' dir='ltr'><strong>didicimus,</strong></span> <span class='ocrx_word' id='word_1_148' title='bbox 646 2497 748 2562; x_wconf 90' lang='lat' dir='ltr'><strong>neque</strong></span> <span class='ocrx_word' id='word_1_149' title='bbox 765 2476 828 2541; x_wconf 93' lang='lat' dir='ltr'><strong>vim</strong></span> <span class='ocrx_word' id='word_1_150' title='bbox 844 2476 1080 2561; x_wconf 76' lang='lat' dir='ltr'><strong>conscriptoris,</strong></span> <span class='ocrx_word' id='word_1_151' title='bbox 1097 2498 1193 2562; x_wconf 87' lang='lat' dir='ltr'><strong>quarn</strong></span> <span class='ocrx_word' id='word_1_152' title='bbox 1209 2498 1273 2541; x_wconf 91' lang='lat' dir='ltr'><strong>non</strong></span> <span class='ocrx_word' id='word_1_153' title='bbox 1286 2475 1415 2541; x_wconf 77' lang='lat' dir='ltr'><strong>aflecta·</strong></span> 
     </span>
     <span class='ocr_line' id='line_1_19' title="bbox 261 2575 1415 2662; baseline 0 -21"><span class='ocrx_word' id='word_1_154' title='bbox 261 2578 371 2652; x_wconf 86' lang='lat' dir='ltr'><strong>vimus,</strong></span> <span class='ocrx_word' id='word_1_155' title='bbox 398 2598 500 2661; x_wconf 93' lang='lat' dir='ltr'><strong>neque</strong></span> <span class='ocrx_word' id='word_1_156' title='bbox 527 2585 749 2641; x_wconf 80' lang='lat' dir='ltr'><strong>ornamentum</strong></span> <span class='ocrx_word' id='word_1_157' title='bbox 780 2578 957 2652; x_wconf 88' lang='lat' dir='ltr'><strong>verborum,</strong></span> <span class='ocrx_word' id='word_1_158' title='bbox 986 2598 1089 2662; x_wconf 88' lang='lat' dir='ltr'><strong>neque</strong></span> <span class='ocrx_word' id='word_1_159' title='bbox 1116 2575 1288 2653; x_wconf 82' lang='lat' dir='ltr'><strong>suadelam,</strong></span> <span class='ocrx_word' id='word_1_160' title='bbox 1320 2598 1415 2660; x_wconf 88' lang='lat' dir='ltr'><strong>quam</strong></span> 
     </span>
     <span class='ocr_line' id='line_1_20' title="bbox 261 2673 1415 2762; baseline 0 -21"><span class='ocrx_word' id='word_1_161' title='bbox 261 2677 432 2743; x_wconf 84' lang='lat' dir='ltr'><strong>nescimus:</strong></span> <span class='ocrx_word' id='word_1_162' title='bbox 450 2676 506 2740; x_wconf 87' lang='lat' dir='ltr'><strong>sed</strong></span> <span class='ocrx_word' id='word_1_163' title='bbox 528 2675 713 2762; x_wconf 89' lang='lat' dir='ltr'><strong>simpliciter</strong></span> <span class='ocrx_word' id='word_1_164' title='bbox 733 2682 767 2740; x_wconf 90' lang='lat' dir='ltr'><strong>et</strong></span> <span class='ocrx_word' id='word_1_165' title='bbox 787 2697 861 2740; x_wconf 90' lang='lat' dir='ltr'><strong>vere</strong></span> <span class='ocrx_word' id='word_1_166' title='bbox 884 2683 918 2741; x_wconf 88' lang='lat' dir='ltr'><strong>et</strong></span> <span class='ocrx_word' id='word_1_167' title='bbox 942 2675 1071 2740; x_wconf 88' lang='lat' dir='ltr'><strong>idiotice</strong></span> <span class='ocrx_word' id='word_1_168' title='bbox 1095 2698 1144 2753; x_wconf 87' lang='lat' dir='ltr'><strong>ea,</strong></span> <span class='ocrx_word' id='word_1_169' title='bbox 1160 2698 1231 2761; x_wconf 81' lang='lat' dir='ltr'><strong>quae</strong></span> <span class='ocrx_word' id='word_1_170' title='bbox 1257 2673 1317 2740; x_wconf 89' lang='lat' dir='ltr'><strong>tibi</strong></span> <span class='ocrx_word' id='word_1_171' title='bbox 1343 2697 1415 2741; x_wconf 91' lang='lat' dir='ltr'><strong>cum</strong></span> 
     </span>
     <span class='ocr_line' id='line_1_21' title="bbox 261 2774 1415 2861; baseline -0.002 -20"><span class='ocrx_word' id='word_1_172' title='bbox 261 2776 430 2842; x_wconf 77' lang='lat' dir='ltr'><strong>dilectione</strong></span> <span class='ocrx_word' id='word_1_173' title='bbox 453 2774 574 2860; x_wconf 90' lang='lat' dir='ltr'><strong>scripta</strong></span> <span class='ocrx_word' id='word_1_174' title='bbox 598 2781 774 2849; x_wconf 70' lang='lat' dir='ltr'><strong>nauteam</strong></span> <span class='ocrx_word' id='word_1_175' title='bbox 795 2775 964 2841; x_wconf 83' lang='lat' dir='ltr'><strong>dilectione</strong></span> <span class='ocrx_word' id='word_1_176' title='bbox 986 2775 1150 2861; x_wconf 75' lang='lat' dir='ltr'><strong>percipies,</strong></span> <span class='ocrx_word' id='word_1_177' title='bbox 1167 2775 1283 2861; x_wconf 84' lang='lat' dir='ltr'><strong>etipse</strong></span> <span class='ocrx_word' id='word_1_178' title='bbox 1299 2776 1415 2861; x_wconf 68' lang='lat' dir='ltr'><strong>iunges</strong></span> 
     </span>
     <span class='ocr_line' id='line_1_22' title="bbox 261 2873 1415 2960; baseline -0.001 -20"><span class='ocrx_word' id='word_1_179' title='bbox 261 2897 300 2940; x_wconf 88' lang='lat' dir='ltr'><strong>ea</strong></span> <span class='ocrx_word' id='word_1_180' title='bbox 315 2897 411 2960; x_wconf 92' lang='lat' dir='ltr'><strong>penes</strong></span> <span class='ocrx_word' id='word_1_181' title='bbox 428 2882 472 2952; x_wconf 94' lang='lat' dir='ltr'><strong>te,</strong></span> <span class='ocrx_word' id='word_1_182' title='bbox 490 2883 527 2938; x_wconf 87' lang='lat' dir='ltr'><strong>ut</strong></span> <span class='ocrx_word' id='word_1_183' title='bbox 544 2873 645 2959; x_wconf 85' lang='lat' dir='ltr'><strong>magis</strong></span> <span class='ocrx_word' id='word_1_184' title='bbox 661 2873 793 2939; x_wconf 89' lang='lat' dir='ltr'><strong>idoneus</strong></span> <span class='ocrx_word' id='word_1_185' title='bbox 811 2897 906 2960; x_wconf 84' lang='lat' dir='ltr'><strong>quam</strong></span> <span class='ocrx_word' id='word_1_186' title='bbox 929 2897 997 2953; x_wconf 92' lang='lat' dir='ltr'><strong>nos,</strong></span> <span class='ocrx_word' id='word_1_187' title='bbox 1015 2875 1105 2960; x_wconf 86' lang='lat' dir='ltr'><strong>quasi</strong></span> <span class='ocrx_word' id='word_1_188' title='bbox 1129 2896 1237 2940; x_wconf 90' lang='lat' dir='ltr'><strong>semen</strong></span> <span class='ocrx_word' id='word_1_189' title='bbox 1263 2882 1297 2940; x_wconf 90' lang='lat' dir='ltr'><strong>et</strong></span> <span class='ocrx_word' id='word_1_190' title='bbox 1322 2874 1415 2939; x_wconf 82' lang='lat' dir='ltr'><strong>initia</strong></span> 
     </span>
     <span class='ocr_line' id='line_1_23' title="bbox 260 2972 1414 3058; baseline -0.003 -19"><span class='ocrx_word' id='word_1_191' title='bbox 260 2974 417 3058; x_wconf 85' lang='lat' dir='ltr'><strong>accipiens</strong></span> <span class='ocrx_word' id='word_1_192' title='bbox 430 2996 450 3037; x_wconf 91' lang='lat' dir='ltr'><strong>a</strong></span> <span class='ocrx_word' id='word_1_193' title='bbox 466 2972 575 3037; x_wconf 89' lang='lat' dir='ltr'><strong>nobis:</strong></span> <span class='ocrx_word' id='word_1_194' title='bbox 604 2980 638 3038; x_wconf 89' lang='lat' dir='ltr'><strong>et</strong></span> <span class='ocrx_word' id='word_1_195' title='bbox 655 2973 688 3037; x_wconf 94' lang='lat' dir='ltr'><strong>in</strong></span> <span class='ocrx_word' id='word_1_196' title='bbox 701 2973 872 3039; x_wconf 87' lang='lat' dir='ltr'><strong>latitudine</strong></span> <span class='ocrx_word' id='word_1_197' title='bbox 887 2996 997 3039; x_wconf 90' lang='lat' dir='ltr'><strong>sensus</strong></span> <span class='ocrx_word' id='word_1_198' title='bbox 1013 2974 1062 3040; x_wconf 91' lang='lat' dir='ltr'><strong>tui</strong></span> <span class='ocrx_word' id='word_1_199' title='bbox 1077 2975 1111 3039; x_wconf 90' lang='lat' dir='ltr'><strong>in</strong></span> <span class='ocrx_word' id='word_1_200' title='bbox 1129 2975 1265 3039; x_wconf 91' lang='lat' dir='ltr'><strong>multum</strong></span> <span class='ocrx_word' id='word_1_201' title='bbox 1281 2973 1414 3038; x_wconf 74' lang='lat' dir='ltr'><strong>fructifi-</strong></span> 
     </span>
     <span class='ocr_line' id='line_1_24' title="bbox 261 3072 1414 3160; baseline 0 -22"><span class='ocrx_word' id='word_1_202' title='bbox 261 3073 347 3138; x_wconf 87' lang='lat' dir='ltr'><strong>cabis</strong></span> <span class='ocrx_word' id='word_1_203' title='bbox 369 3094 416 3150; x_wconf 87' lang='lat' dir='ltr'><strong>ea,</strong></span> <span class='ocrx_word' id='word_1_204' title='bbox 435 3094 506 3158; x_wconf 84' lang='lat' dir='ltr'><strong>qnoe</strong></span> <span class='ocrx_word' id='word_1_205' title='bbox 523 3072 555 3135; x_wconf 93' lang='lat' dir='ltr'><strong>in</strong></span> <span class='ocrx_word' id='word_1_206' title='bbox 577 3072 685 3157; x_wconf 82' lang='lat' dir='ltr'><strong>paucis</strong></span> <span class='ocrx_word' id='word_1_207' title='bbox 708 3096 728 3137; x_wconf 91' lang='lat' dir='ltr'><strong>a</strong></span> <span class='ocrx_word' id='word_1_208' title='bbox 753 3074 845 3137; x_wconf 90' lang='lat' dir='ltr'><strong>nobis</strong></span> <span class='ocrx_word' id='word_1_209' title='bbox 862 3074 949 3139; x_wconf 84' lang='lat' dir='ltr'><strong>dicta</strong></span> <span class='ocrx_word' id='word_1_210' title='bbox 967 3081 1052 3152; x_wconf 88' lang='lat' dir='ltr'><strong>sunt,</strong></span> <span class='ocrx_word' id='word_1_211' title='bbox 1071 3082 1106 3140; x_wconf 91' lang='lat' dir='ltr'><strong>et</strong></span> <span class='ocrx_word' id='word_1_212' title='bbox 1126 3082 1278 3160; x_wconf 89' lang='lat' dir='ltr'><strong>potenter</strong></span> <span class='ocrx_word' id='word_1_213' title='bbox 1293 3094 1414 3138; x_wconf 82' lang='lat' dir='ltr'><strong>asseres</strong></span> 
     </span>
     <span class='ocr_line' id='line_1_25' title="bbox 260 3171 1455 3258; baseline -0.002 -21"><span class='ocrx_word' id='word_1_214' title='bbox 260 3171 309 3250; x_wconf 90' lang='lat' dir='ltr'><strong>iis,</strong></span> <span class='ocrx_word' id='word_1_215' title='bbox 328 3171 383 3257; x_wconf 93' lang='lat' dir='ltr'><strong>qui</strong></span> <span class='ocrx_word' id='word_1_216' title='bbox 404 3180 511 3238; x_wconf 90' lang='lat' dir='ltr'><strong>tecum</strong></span> <span class='ocrx_word' id='word_1_217' title='bbox 534 3179 619 3250; x_wconf 91' lang='lat' dir='ltr'><strong>sunt,</strong></span> <span class='ocrx_word' id='word_1_218' title='bbox 646 3194 684 3238; x_wconf 91' lang='lat' dir='ltr'><strong>ea</strong></span> <span class='ocrx_word' id='word_1_219' title='bbox 705 3196 776 3258; x_wconf 86' lang='lat' dir='ltr'><strong>quae</strong></span> <span class='ocrx_word' id='word_1_220' title='bbox 800 3172 936 3239; x_wconf 86' lang='lat' dir='ltr'><strong>invalide</strong></span> <span class='ocrx_word' id='word_1_221' title='bbox 952 3196 972 3239; x_wconf 91' lang='lat' dir='ltr'><strong>a</strong></span> <span class='ocrx_word' id='word_1_222' title='bbox 988 3173 1080 3238; x_wconf 92' lang='lat' dir='ltr'><strong>nobis</strong></span> <span class='ocrx_word' id='word_1_223' title='bbox 1105 3175 1208 3239; x_wconf 81' lang='lat' dir='ltr'><strong>relata</strong></span> <span class='ocrx_word' id='word_1_224' title='bbox 1229 3181 1314 3239; x_wconf 89' lang='lat' dir='ltr'><strong>sunt.</strong></span> <span class='ocrx_word' id='word_1_225' title='bbox 1367 3173 1414 3240; x_wconf 81' lang='lat' dir='ltr'><strong>Et</strong></span> <span class='ocrx_word' id='word_1_226' title='bbox 1449 3225 1455 3235; x_wconf 92' lang='lat'>.</span> 
     </span>
     <span class='ocr_line' id='line_1_26' title="bbox 260 3271 1413 3359; baseline 0.002 -23"><span class='ocrx_word' id='word_1_227' title='bbox 260 3271 527 3358; x_wconf 84' lang='lat' dir='ltr'><strong>quemadmodum</strong></span> <span class='ocrx_word' id='word_1_228' title='bbox 554 3294 612 3337; x_wconf 91' lang='lat' dir='ltr'><strong>nos</strong></span> <span class='ocrx_word' id='word_1_229' title='bbox 645 3272 885 3348; x_wconf 77' lang='lat' dir='ltr'><strong>elaboravimus,</strong></span> <span class='ocrx_word' id='word_1_230' title='bbox 915 3273 991 3339; x_wconf 91' lang='lat' dir='ltr'><strong>olim</strong></span> <span class='ocrx_word' id='word_1_231' title='bbox 1017 3275 1173 3359; x_wconf 73' lang='lat' dir='ltr'><strong>quaerenti</strong></span> <span class='ocrx_word' id='word_1_232' title='bbox 1203 3273 1263 3338; x_wconf 90' lang='lat' dir='ltr'><strong>tibi</strong></span> <span class='ocrx_word' id='word_1_233' title='bbox 1293 3272 1413 3338; x_wconf 90' lang='lat' dir='ltr'><strong>discere</strong></span> 
     </span>
     <span class='ocr_line' id='line_1_27' title="bbox 259 3371 1415 3450; baseline 0.003 -14"><span class='ocrx_word' id='word_1_234' title='bbox 259 3371 453 3437; x_wconf 86' lang='lat' dir='ltr'><strong>sententiam</strong></span> <span class='ocrx_word' id='word_1_235' title='bbox 483 3394 601 3445; x_wconf 84' lang='lat' dir='ltr'><strong>eorum,</strong></span> <span class='ocrx_word' id='word_1_236' title='bbox 630 3394 694 3436; x_wconf 92' lang='lat' dir='ltr'><strong>non</strong></span> <span class='ocrx_word' id='word_1_237' title='bbox 719 3371 819 3437; x_wconf 91' lang='lat' dir='ltr'><strong>solum</strong></span> <span class='ocrx_word' id='word_1_238' title='bbox 844 3372 949 3438; x_wconf 86' lang='lat' dir='ltr'><strong>facere</strong></span> <span class='ocrx_word' id='word_1_239' title='bbox 973 3373 1034 3440; x_wconf 88' lang='lat' dir='ltr'><strong>tibi</strong></span> <span class='ocrx_word' id='word_1_240' title='bbox 1059 3374 1270 3450; x_wconf 76' lang='lat' dir='ltr'><strong>manifestam,</strong></span> <span class='ocrx_word' id='word_1_241' title='bbox 1297 3372 1354 3438; x_wconf 89' lang='lat' dir='ltr'><strong>sed</strong></span> <span class='ocrx_word' id='word_1_242' title='bbox 1380 3380 1415 3439; x_wconf 88' lang='lat' dir='ltr'><strong>et</strong></span> 
     </span>
     <span class='ocr_line' id='line_1_28' title="bbox 260 3470 1415 3550; baseline 0.003 -15"><span class='ocrx_word' id='word_1_243' title='bbox 260 3470 584 3537; x_wconf 79' lang='lat' dir='ltr'><strong>subministrationem</strong></span> <span class='ocrx_word' id='word_1_244' title='bbox 607 3473 694 3550; x_wconf 86' lang='lat' dir='ltr'><strong>dare,</strong></span> <span class='ocrx_word' id='word_1_245' title='bbox 716 3472 765 3538; x_wconf 89' lang='lat' dir='ltr'><strong>uti</strong></span> <span class='ocrx_word' id='word_1_246' title='bbox 790 3474 1029 3539; x_wconf 88' lang='lat' dir='ltr'><strong>ostenderemus</strong></span> <span class='ocrx_word' id='word_1_247' title='bbox 1054 3495 1125 3539; x_wconf 81' lang='lat' dir='ltr'><strong>cam</strong></span> <span class='ocrx_word' id='word_1_248' title='bbox 1150 3474 1283 3539; x_wconf 78' lang='lat' dir='ltr'><strong>falsam:</strong></span> <span class='ocrx_word' id='word_1_249' title='bbox 1309 3473 1356 3539; x_wconf 88' lang='lat' dir='ltr'><strong>sic</strong></span> <span class='ocrx_word' id='word_1_250' title='bbox 1380 3481 1415 3539; x_wconf 89' lang='lat' dir='ltr'><strong>et</strong></span> 
     </span>
    </p>
   </div>
   <div class='ocr_carea' id='block_1_6' title="bbox 258 3714 1446 4663">
    <p class='ocr_par' dir='ltr' id='par_1_7' title="bbox 258 3714 1446 4663">
     <span class='ocr_line' id='line_1_29' title="bbox 310 3714 1414 3785; baseline 0.008 -24"><span class='ocrx_word' id='word_1_251' title='bbox 310 3714 577 3763; x_wconf 83' lang='lat' dir='ltr'><strong>¹Ganlwssdivided</strong></span> <span class='ocrx_word' id='word_1_252' title='bbox 588 3716 811 3781; x_wconf 75' lang='lat' dir='ltr'><strong>intothresparts,</strong></span> <span class='ocrx_word' id='word_1_253' title='bbox 860 3720 964 3784; x_wconf 78' lang='lat' dir='ltr'><strong>reading</strong></span> <span class='ocrx_word' id='word_1_254' title='bbox 985 3721 1014 3770; x_wconf 83' lang='lat' dir='ltr'><strong>oi</strong></span> <span class='ocrx_word' id='word_1_255' title='bbox 1033 3722 1144 3782; x_wconf 79' lang='grc' dir='ltr'>Δελφοῖς,</span> <span class='ocrx_word' id='word_1_256' title='bbox 1168 3721 1224 3769; x_wconf 84' lang='lat' dir='ltr'><strong>first</strong></span> <span class='ocrx_word' id='word_1_257' title='bbox 1244 3720 1359 3784; x_wconf 72' lang='lat' dir='ltr'><strong>replaced</strong></span> <span class='ocrx_word' id='word_1_258' title='bbox 1379 3721 1414 3785; x_wconf 80' lang='lat' dir='ltr'><strong>by</strong></span> 
     </span>
     <span class='ocr_line' id='line_1_30' title="bbox 261 3795 1334 3861; baseline 0.005 -16"><span class='ocrx_word' id='word_1_259' title='bbox 261 3812 289 3845; x_wconf 82' lang='lat' dir='ltr'><strong>as</strong></span> <span class='ocrx_word' id='word_1_260' title='bbox 296 3812 334 3844; x_wconf 86' lang='lat' dir='ltr'><strong>we</strong></span> <span class='ocrx_word' id='word_1_261' title='bbox 345 3795 413 3844; x_wconf 81' lang='lat' dir='ltr'><strong>lesrn</strong></span> <span class='ocrx_word' id='word_1_262' title='bbox 424 3796 487 3845; x_wconf 83' lang='lat' dir='ltr'><strong>from</strong></span> <span class='ocrx_word' id='word_1_263' title='bbox 495 3796 538 3845; x_wconf 87' lang='lat' dir='ltr'><strong>the</strong></span> <span class='ocrx_word' id='word_1_264' title='bbox 544 3796 652 3861; x_wconf 79' lang='lat' dir='ltr'><strong>opening</strong></span> <span class='ocrx_word' id='word_1_265' title='bbox 658 3797 687 3847; x_wconf 88' lang='lat' dir='ltr'><strong>ol</strong></span> <span class='ocrx_word' id='word_1_266' title='bbox 695 3796 813 3849; x_wconf 76' lang='lat' dir='ltr'><strong>Onssn&#39;s</strong></span> <span class='ocrx_word' id='word_1_267' title='bbox 862 3803 965 3852; x_wconf 81' lang='grc' dir='ltr'>Κελτοῖς</span> <span class='ocrx_word' id='word_1_268' title='bbox 975 3803 1002 3851; x_wconf 89' lang='lat' dir='ltr'><strong>iu</strong></span> <span class='ocrx_word' id='word_1_269' title='bbox 1013 3804 1056 3853; x_wconf 89' lang='lat' dir='ltr'><strong>the</strong></span> <span class='ocrx_word' id='word_1_270' title='bbox 1066 3803 1159 3851; x_wconf 55' lang='lat' dir='ltr'><strong>mitian</strong></span> <span class='ocrx_word' id='word_1_271' title='bbox 1170 3802 1200 3851; x_wconf 79' lang='lat' dir='ltr'><strong>oi</strong></span> <span class='ocrx_word' id='word_1_272' title='bbox 1208 3802 1334 3851; x_wconf 72' lang='lat' dir='ltr'><strong>Petreius.</strong></span> 
     </span>
     <span class='ocr_line' id='line_1_31' title="bbox 261 3877 1416 3943; baseline 0.003 -16"><span class='ocrx_word' id='word_1_273' title='bbox 261 3878 461 3937; x_wconf 75' lang='lat' dir='ltr'><strong>Commentarios,</strong></span> <span class='ocrx_word' id='word_1_274' title='bbox 475 3877 525 3927; x_wconf 85' lang='lat' dir='ltr'><strong>and</strong></span> <span class='ocrx_word' id='word_1_275' title='bbox 538 3878 603 3927; x_wconf 83' lang='lat' dir='ltr'><strong>from</strong></span> <span class='ocrx_word' id='word_1_276' title='bbox 614 3878 708 3940; x_wconf 76' lang='lat' dir='ltr'><strong>Pnnvr,</strong></span> <span class='ocrx_word' id='word_1_277' title='bbox 722 3880 756 3930; x_wconf 89' lang='lat' dir='ltr'><strong>iv.</strong></span> <span class='ocrx_word' id='word_1_278' title='bbox 773 3892 811 3943; x_wconf 77' lang='grc' dir='ltr'>ιη.</span> <span class='ocrx_word' id='word_1_279' title='bbox 909 3881 1066 3943; x_wconf 73' lang='grc' dir='ltr'>ἰδιωτικῶς,</span> <span class='ocrx_word' id='word_1_280' title='bbox 1085 3883 1148 3931; x_wconf 87' lang='lat' dir='ltr'><strong>with</strong></span> <span class='ocrx_word' id='word_1_281' title='bbox 1167 3897 1200 3929; x_wconf 93' lang='lat' dir='ltr'><strong>no</strong></span> <span class='ocrx_word' id='word_1_282' title='bbox 1222 3881 1366 3931; x_wconf 80' lang='lat' dir='ltr'><strong>affectation</strong></span> <span class='ocrx_word' id='word_1_283' title='bbox 1387 3881 1416 3930; x_wconf 79' lang='lat' dir='ltr'><strong>oi</strong></span> 
     </span>
     <span class='ocr_line' id='line_1_32' title="bbox 259 3958 932 4029; baseline 0.01 -22"><span class='ocrx_word' id='word_1_284' title='bbox 259 3959 296 4008; x_wconf 85' lang='grc' dir='ltr'><strong>Το</strong></span> <span class='ocrx_word' id='word_1_285' title='bbox 318 3960 361 4009; x_wconf 89' lang='lat' dir='ltr'><strong>the</strong></span> <span class='ocrx_word' id='word_1_286' title='bbox 383 3959 467 4008; x_wconf 86' lang='lat' dir='ltr'><strong>North</strong></span> <span class='ocrx_word' id='word_1_287' title='bbox 489 3959 518 4007; x_wconf 83' lang='lat' dir='ltr'><strong>ol</strong></span> <span class='ocrx_word' id='word_1_288' title='bbox 534 3959 576 4007; x_wconf 84' lang='lat' dir='ltr'><strong>the</strong></span> <span class='ocrx_word' id='word_1_289' title='bbox 599 3958 672 4009; x_wconf 82' lang='lat' dir='ltr'><strong>Seiae</strong></span> <span class='ocrx_word' id='word_1_290' title='bbox 689 3976 752 4011; x_wconf 84' lang='lat' dir='ltr'><strong>were</strong></span> <span class='ocrx_word' id='word_1_291' title='bbox 769 3963 813 4012; x_wconf 85' lang='lat' dir='ltr'><strong>the</strong></span> <span class='ocrx_word' id='word_1_292' title='bbox 860 3966 932 4029; x_wconf 83' lang='lat' dir='ltr'><strong>style.</strong></span> 
     </span>
     <span class='ocr_line' id='line_1_33' title="bbox 259 4041 1413 4109; baseline 0.003 -18"><span class='ocrx_word' id='word_1_293' title='bbox 259 4042 350 4106; x_wconf 77' lang='lat' dir='ltr'><strong>Belgas,</strong></span> <span class='ocrx_word' id='word_1_294' title='bbox 371 4046 399 4090; x_wconf 92' lang='lat' dir='ltr'><strong>to</strong></span> <span class='ocrx_word' id='word_1_295' title='bbox 418 4042 460 4091; x_wconf 85' lang='lat' dir='ltr'><strong>the</strong></span> <span class='ocrx_word' id='word_1_296' title='bbox 481 4041 561 4090; x_wconf 84' lang='lat' dir='ltr'><strong>South</strong></span> <span class='ocrx_word' id='word_1_297' title='bbox 582 4042 612 4089; x_wconf 79' lang='lat' dir='ltr'><strong>of</strong></span> <span class='ocrx_word' id='word_1_298' title='bbox 629 4042 672 4091; x_wconf 89' lang='lat' dir='ltr'><strong>the</strong></span> <span class='ocrx_word' id='word_1_299' title='bbox 695 4042 813 4109; x_wconf 81' lang='lat' dir='ltr'><strong>Garunne</strong></span> <span class='ocrx_word' id='word_1_300' title='bbox 909 4044 1413 4108; x_wconf 75' lang='lat' dir='ltr'><strong>⁸Aupes,thisasGmnndMassn1r</strong></span> 
     </span>
     <span class='ocr_line' id='line_1_34' title="bbox 258 4123 1414 4187; baseline 0.002 -16"><span class='ocrx_word' id='word_1_301' title='bbox 258 4124 301 4172; x_wconf 86' lang='lat' dir='ltr'><strong>the</strong></span> <span class='ocrx_word' id='word_1_302' title='bbox 318 4123 449 4187; x_wconf 79' lang='lat' dir='ltr'><strong>Aquitani,</strong></span> <span class='ocrx_word' id='word_1_303' title='bbox 470 4124 520 4172; x_wconf 87' lang='lat' dir='ltr'><strong>and</strong></span> <span class='ocrx_word' id='word_1_304' title='bbox 541 4124 651 4172; x_wconf 85' lang='lat' dir='ltr'><strong>between</strong></span> <span class='ocrx_word' id='word_1_305' title='bbox 670 4125 740 4174; x_wconf 89' lang='lat' dir='ltr'><strong>these</strong></span> <span class='ocrx_word' id='word_1_306' title='bbox 760 4129 812 4173; x_wconf 87' lang='lat' dir='ltr'><strong>two</strong></span> <span class='ocrx_word' id='word_1_307' title='bbox 859 4124 975 4187; x_wconf 80' lang='lat' dir='ltr'><strong>imagine,</strong></span> <span class='ocrx_word' id='word_1_308' title='bbox 1000 4124 1021 4172; x_wconf 90' lang='lat' dir='ltr'><strong>is</strong></span> <span class='ocrx_word' id='word_1_309' title='bbox 1043 4140 1090 4173; x_wconf 93' lang='lat' dir='ltr'><strong>one</strong></span> <span class='ocrx_word' id='word_1_310' title='bbox 1112 4125 1141 4172; x_wconf 84' lang='lat' dir='ltr'><strong>ol&#39;</strong></span> <span class='ocrx_word' id='word_1_311' title='bbox 1164 4124 1236 4173; x_wconf 87' lang='lat' dir='ltr'><strong>those</strong></span> <span class='ocrx_word' id='word_1_312' title='bbox 1257 4125 1329 4174; x_wconf 85' lang='lat' dir='ltr'><strong>verbe</strong></span> <span class='ocrx_word' id='word_1_313' title='bbox 1356 4125 1414 4173; x_wconf 83' lang='lat' dir='ltr'><strong>that</strong></span> 
     </span>
     <span class='ocr_line' id='line_1_35' title="bbox 259 4204 1413 4266; baseline -0.003 -12"><span class='ocrx_word' id='word_1_314' title='bbox 259 4207 336 4255; x_wconf 83' lang='lat' dir='ltr'><strong>rivers</strong></span> <span class='ocrx_word' id='word_1_315' title='bbox 352 4206 395 4255; x_wconf 86' lang='lat' dir='ltr'><strong>tha</strong></span> <span class='ocrx_word' id='word_1_316' title='bbox 412 4206 505 4266; x_wconf 58' lang='lat' dir='ltr'><strong>Galim</strong></span> <span class='ocrx_word' id='word_1_317' title='bbox 530 4209 548 4233; x_wconf 88' lang='lat'><strong>“</strong></span> <span class='ocrx_word' id='word_1_318' title='bbox 558 4207 601 4255; x_wconf 83' lang='lat' dir='ltr'><strong>Ab</strong></span> <span class='ocrx_word' id='word_1_319' title='bbox 615 4209 644 4255; x_wconf 72' lang='lat' dir='ltr'><strong>et</strong></span> <span class='ocrx_word' id='word_1_320' title='bbox 659 4208 810 4257; x_wconf 80' lang='lat' dir='ltr'><strong>udGarum·</strong></span> <span class='ocrx_word' id='word_1_321' title='bbox 860 4204 943 4253; x_wconf 79' lang='lat' dir='ltr'><strong>follow</strong></span> <span class='ocrx_word' id='word_1_322' title='bbox 960 4205 1003 4253; x_wconf 92' lang='lat' dir='ltr'><strong>tbe</strong></span> <span class='ocrx_word' id='word_1_323' title='bbox 1019 4205 1136 4254; x_wconf 82' lang='lat' dir='ltr'><strong>inflexion</strong></span> <span class='ocrx_word' id='word_1_324' title='bbox 1148 4206 1210 4254; x_wconf 91' lang='lat' dir='ltr'><strong>both</strong></span> <span class='ocrx_word' id='word_1_325' title='bbox 1223 4206 1252 4253; x_wconf 84' lang='lat' dir='ltr'><strong>of</strong></span> <span class='ocrx_word' id='word_1_326' title='bbox 1264 4206 1308 4255; x_wconf 89' lang='lat' dir='ltr'><strong>the</strong></span> <span class='ocrx_word' id='word_1_327' title='bbox 1321 4204 1413 4254; x_wconf 90' lang='lat' dir='ltr'><strong>second</strong></span> 
     </span>
     <span class='ocr_line' id='line_1_36' title="bbox 258 4285 1446 4351; baseline -0.001 -15"><span class='ocrx_word' id='word_1_328' title='bbox 258 4303 318 4336; x_wconf 86' lang='lat' dir='ltr'><strong>nam</strong></span> <span class='ocrx_word' id='word_1_329' title='bbox 335 4287 435 4348; x_wconf 86' lang='lat' dir='ltr'><strong>Celtica,</strong></span> <span class='ocrx_word' id='word_1_330' title='bbox 454 4288 589 4351; x_wconf 83' lang='lat' dir='ltr'><strong>eademque</strong></span> <span class='ocrx_word' id='word_1_331' title='bbox 611 4287 811 4351; x_wconf 82' lang='lat' dir='ltr'><strong>Lugdunensis.”</strong></span> <span class='ocrx_word' id='word_1_332' title='bbox 859 4285 909 4334; x_wconf 87' lang='lat' dir='ltr'><strong>and</strong></span> <span class='ocrx_word' id='word_1_333' title='bbox 922 4286 990 4335; x_wconf 86' lang='lat' dir='ltr'><strong>third</strong></span> <span class='ocrx_word' id='word_1_334' title='bbox 1004 4286 1184 4350; x_wconf 81' lang='lat' dir='ltr'><strong>conjugatione,</strong></span> <span class='ocrx_word' id='word_1_335' title='bbox 1202 4303 1218 4335; x_wconf 83' lang='lat' dir='ltr'><strong>s</strong></span> <span class='ocrx_word' id='word_1_336' title='bbox 1231 4288 1316 4337; x_wconf 86' lang='lat' dir='ltr'><strong>future</strong></span> <span class='ocrx_word' id='word_1_337' title='bbox 1330 4302 1413 4335; x_wconf 86' lang='lat' dir='ltr'><strong>mean·</strong></span> <span class='ocrx_word' id='word_1_338' title='bbox 1441 4323 1446 4342; x_wconf 89' lang='lat'>.</span> 
     </span>
     <span class='ocr_line' id='line_1_37' title="bbox 259 4367 1413 4433; baseline -0.001 -16"><span class='ocrx_word' id='word_1_339' title='bbox 259 4370 353 4433; x_wconf 86' lang='lat' dir='ltr'><strong>Lyons,</strong></span> <span class='ocrx_word' id='word_1_340' title='bbox 386 4371 429 4418; x_wconf 86' lang='lat' dir='ltr'><strong>the</strong></span> <span class='ocrx_word' id='word_1_341' title='bbox 457 4369 548 4433; x_wconf 83' lang='lat' dir='ltr'><strong>capital</strong></span> <span class='ocrx_word' id='word_1_342' title='bbox 575 4369 604 4417; x_wconf 82' lang='lat' dir='ltr'><strong>oi</strong></span> <span class='ocrx_word' id='word_1_343' title='bbox 629 4368 707 4417; x_wconf 81' lang='lat' dir='ltr'><strong>Celtic</strong></span> <span class='ocrx_word' id='word_1_344' title='bbox 735 4368 809 4429; x_wconf 86' lang='lat' dir='ltr'><strong>Gaul,</strong></span> <span class='ocrx_word' id='word_1_345' title='bbox 858 4367 902 4430; x_wconf 81' lang='lat' dir='ltr'><strong>ing</strong></span> <span class='ocrx_word' id='word_1_346' title='bbox 924 4367 998 4431; x_wconf 82' lang='lat' dir='ltr'><strong>being</strong></span> <span class='ocrx_word' id='word_1_347' title='bbox 1018 4368 1133 4432; x_wconf 77' lang='lat' dir='ltr'><strong>assigned</strong></span> <span class='ocrx_word' id='word_1_348' title='bbox 1154 4372 1181 4417; x_wconf 88' lang='lat' dir='ltr'><strong>to</strong></span> <span class='ocrx_word' id='word_1_349' title='bbox 1206 4370 1257 4418; x_wconf 88' lang='lat' dir='ltr'><strong>this</strong></span> <span class='ocrx_word' id='word_1_350' title='bbox 1279 4369 1355 4427; x_wconf 86' lang='lat' dir='ltr'><strong>word,</strong></span> <span class='ocrx_word' id='word_1_351' title='bbox 1384 4383 1413 4416; x_wconf 81' lang='lat' dir='ltr'><strong>as</strong></span> 
     </span>
     <span class='ocr_line' id='line_1_38' title="bbox 260 4448 1413 4516; baseline 0.001 -19"><span class='ocrx_word' id='word_1_352' title='bbox 260 4449 353 4511; x_wconf 79' lang='lat' dir='ltr'><strong>having</strong></span> <span class='ocrx_word' id='word_1_353' title='bbox 363 4450 425 4497; x_wconf 84' lang='lat' dir='ltr'><strong>been</strong></span> <span class='ocrx_word' id='word_1_354' title='bbox 437 4450 478 4497; x_wconf 88' lang='lat' dir='ltr'><strong>the</strong></span> <span class='ocrx_word' id='word_1_355' title='bbox 490 4466 530 4497; x_wconf 86' lang='lat' dir='ltr'><strong>see</strong></span> <span class='ocrx_word' id='word_1_356' title='bbox 545 4448 574 4495; x_wconf 83' lang='lat' dir='ltr'><strong>ol</strong></span> <span class='ocrx_word' id='word_1_357' title='bbox 587 4448 706 4508; x_wconf 82' lang='lat' dir='ltr'><strong>Irensens,</strong></span> <span class='ocrx_word' id='word_1_358' title='bbox 724 4448 745 4497; x_wconf 93' lang='lat' dir='ltr'><strong>it</strong></span> <span class='ocrx_word' id='word_1_359' title='bbox 761 4464 811 4497; x_wconf 82' lang='lat' dir='ltr'><strong>was</strong></span> <span class='ocrx_word' id='word_1_360' title='bbox 859 4450 973 4513; x_wconf 90' lang='lat' dir='ltr'><strong>required</strong></span> <span class='ocrx_word' id='word_1_361' title='bbox 989 4452 1024 4515; x_wconf 86' lang='lat' dir='ltr'><strong>by</strong></span> <span class='ocrx_word' id='word_1_362' title='bbox 1041 4452 1084 4500; x_wconf 88' lang='lat' dir='ltr'><strong>the</strong></span> <span class='ocrx_word' id='word_1_363' title='bbox 1101 4451 1234 4516; x_wconf 77' lang='lat' dir='ltr'><strong>preceding</strong></span> <span class='ocrx_word' id='word_1_364' title='bbox 1251 4450 1311 4500; x_wconf 85' lang='lat' dir='ltr'><strong>verb</strong></span> <span class='ocrx_word' id='word_1_365' title='bbox 1326 4450 1353 4499; x_wconf 92' lang='lat' dir='ltr'><strong>in</strong></span> <span class='ocrx_word' id='word_1_366' title='bbox 1369 4450 1413 4499; x_wconf 85' lang='lat' dir='ltr'><strong>the</strong></span> 
     </span>
     <span class='ocr_line' id='line_1_39' title="bbox 259 4529 1413 4595; baseline 0.003 -19"><span class='ocrx_word' id='word_1_367' title='bbox 259 4530 293 4593; x_wconf 84' lang='lat' dir='ltr'><strong>by</strong></span> <span class='ocrx_word' id='word_1_368' title='bbox 311 4530 353 4577; x_wconf 87' lang='lat' dir='ltr'><strong>the</strong></span> <span class='ocrx_word' id='word_1_369' title='bbox 370 4530 441 4577; x_wconf 84' lang='lat' dir='ltr'><strong>effect</strong></span> <span class='ocrx_word' id='word_1_370' title='bbox 459 4530 487 4578; x_wconf 85' lang='lat' dir='ltr'><strong>of</strong></span> <span class='ocrx_word' id='word_1_371' title='bbox 508 4544 578 4593; x_wconf 80' lang='lat' dir='ltr'><strong>gross</strong></span> <span class='ocrx_word' id='word_1_372' title='bbox 600 4529 733 4591; x_wconf 78' lang='lat' dir='ltr'><strong>ignorares</strong></span> <span class='ocrx_word' id='word_1_373' title='bbox 754 4530 812 4579; x_wconf 84' lang='lat' dir='ltr'><strong>that</strong></span> <span class='ocrx_word' id='word_1_374' title='bbox 859 4530 1015 4590; x_wconf 73' lang='lat' dir='ltr'><strong>translation,</strong></span> <span class='ocrx_word' id='word_1_375' title='bbox 1045 4532 1095 4580; x_wconf 81' lang='lat' dir='ltr'><strong>and</strong></span> <span class='ocrx_word' id='word_1_376' title='bbox 1123 4532 1157 4595; x_wconf 82' lang='lat' dir='ltr'><strong>by</strong></span> <span class='ocrx_word' id='word_1_377' title='bbox 1180 4534 1290 4592; x_wconf 79' lang='grc' dir='ltr'>αὐξήσεις</span> <span class='ocrx_word' id='word_1_378' title='bbox 1315 4532 1342 4581; x_wconf 92' lang='lat' dir='ltr'><strong>in</strong></span> <span class='ocrx_word' id='word_1_379' title='bbox 1369 4532 1413 4580; x_wconf 90' lang='lat' dir='ltr'><strong>the</strong></span> 
     </span>
     <span class='ocr_line' id='line_1_40' title="bbox 259 4609 951 4663; baseline 0.003 -6"><span class='ocrx_word' id='word_1_380' title='bbox 259 4609 303 4657; x_wconf 85' lang='lat' dir='ltr'><strong>the</strong></span> <span class='ocrx_word' id='word_1_381' title='bbox 314 4610 390 4659; x_wconf 85' lang='lat' dir='ltr'>MSS.</span> <span class='ocrx_word' id='word_1_382' title='bbox 403 4610 431 4658; x_wconf 79' lang='lat' dir='ltr'><strong>of</strong></span> <span class='ocrx_word' id='word_1_383' title='bbox 440 4610 609 4659; x_wconf 78' lang='lat' dir='ltr'><strong>Errrnarvrus</strong></span> <span class='ocrx_word' id='word_1_384' title='bbox 625 4611 751 4663; x_wconf 83' lang='lat' dir='ltr'><strong>exhibited</strong></span> <span class='ocrx_word' id='word_1_385' title='bbox 767 4612 812 4661; x_wconf 87' lang='lat' dir='ltr'><strong>the</strong></span> <span class='ocrx_word' id='word_1_386' title='bbox 860 4610 951 4660; x_wconf 83' lang='lat' dir='ltr'><strong>Greek.</strong></span> 
     </span>
    </p>
   </div>
   <div class='ocr_carea' id='block_1_7' title="bbox 0 0 1618 5184">
    <p class='ocr_par' dir='ltr' id='par_1_8' title="bbox 0 0 1618 5184">
     <span class='ocr_line' id='line_1_41' title="bbox 0 0 1618 5184; baseline 0 0"><span class='ocrx_word' id='word_1_387' title='bbox 0 0 1618 5184; x_wconf 95' lang='lat' dir='ltr'><strong> </strong></span> 
     </span>
    </p>
   </div>
  </div>
 </body>
</html>
