3225 5184
303 378 369 445 200
780 394 971 451 Bssmnrs

139 566 192 655 *0¹33
200 567 289 654 {313533
303 566 336 622 ct
366 563 476 643 portes
504 558 564 624 sibi
595 560 705 625 fecisse
732 566 839 636 terrm,
866 568 901 627 et
929 582 1041 626 earum
1070 582 1141 646 qnae
1163 582 1259 646 super
1283 582 1354 626 eam
1376 566 1453 625 sunt

163 706 185 746 u
187 662 240 745 ,λζ-5,
248 708 266 748 1·
302 657 457 744 gentium.
509 658 588 725 Esse
605 668 714 725 sutem
730 660 905 747 principem
922 662 1063 748 ipsorum
1081 683 1163 735 eum,
1186 661 1240 747 qui
1264 660 1454 726 Judoeorum

142 754 290 841 232}—
303 764 438 843 putatur
463 781 531 824 esse
559 758 656 825 Deus.
709 760 771 827 ¹Et
796 761 945 847 quoniam
970 761 1022 826 hio
1044 761 1108 826 suis
1132 761 1320 835 hominibus,
1347 760 1454 825 idest

303 857 327 922 J
329 857 437 934 ndaeis,
456 859 556 924 voluit
581 861 736 945 subjicere
761 861 899 947 reliquas
920 868 1044 948 gentes,
1069 862 1205 947 reliquos
1232 884 1342 925 omnes
1368 859 1455 946 prin·

303 958 388 1043 cipes
405 965 519 1025 eontra
534 960 660 1026 stetisse
677 962 706 1025 ei
724 968 757 1027 et
775 962 997 1048 contrcegisse.
1050 961 1256 1047 Quapropter
1272 969 1306 1025 et
1323 960 1454 1045 reliqum

303 1058 510 1124 'resiluerunt
526 1066 638 1145 gentes
655 1062 722 1147 ejus
735 1062 832 1148 genti.
858 1060 1031 1127 ³Innatum
1048 1068 1156 1127 autem
1169 1070 1204 1127 et
1220 1060 1454 1125 innominatum

304 1158 448 1237 Patrem,
470 1158 629 1225 videntem
653 1162 865 1247 perditionem
890 1160 1039 1246 ipsorum,
1062 1161 1183 1225 misisse
1206 1160 1452 1248 primogenitum

304 1257 380 1323 Nun
407 1280 508 1335 suum,
535 1260 679 1325 ethnae
709 1284 777 1325 esse
803 1262 857 1346 qui
882 1262 1001 1327 dicitur
1028 1260 1183 1340 Christus,
1210 1260 1244 1325 in
1268 1261 1452 1325 libertatem

304 1358 501 1423 credentium
526 1360 555 1424 ei
580 1382 601 1424 a
625 1367 787 1446 potestate
810 1383 920 1425 eornm
945 1362 999 1447 qui
1024 1360 1179 1425 mundum
1206 1360 1451 1426 fabricaverunt.

304 1458 350 1523 Et
367 1459 517 1547 gentibus
534 1460 674 1546 ipsorum
692 1468 800 1525 autem
817 1461 1017 1547 ⁴cpparuisse
1033 1484 1107 1526 eum
1124 1462 1158 1525 in
1177 1468 1266 1527 terra
1282 1460 1453 1532 hominem,

303 1575 338 1624 et
365 1560 501 1625 virtutes
530 1560 706 1647 perfecisse.
757 1561 983 1647 ⁵Quapropter
1009 1584 1111 1647 neque
1136 1583 1265 1647 pessum
1287 1582 1370 1639 eum,
1396 1558 1453 1624 sed

305 1659 465 1725 Simonem
483 1661 643 1745 quendam
657 1660 846 1747 Cyrenarum
863 1662 1064 1748 angariatum
1078 1676 1223 1746 portasse
1242 1682 1367 1725 crucem
1384 1662 1453 1745 ejus

303 1782 362 1844 pro
380 1782 437 1825 eo:
463 1766 497 1825 et
514 1760 597 1825 hunc
613 1762 787 1827 secundum
803 1760 1018 1847 ignorantiam
1035 1768 1067 1826 et
1093 1783 1234 1826 errorem
1254 1760 1450 1833 crucifixum,

303 1860 566 1946 transfiguratum
583 1863 691 1936 abeo,
709 1860 757 1925 uti
778 1871 947 1945 putaretur
964 1861 1033 1947 ipse
1054 1883 1122 1926 esse
1141 1860 1165 1924 J
1167 1882 1259 1925 esus:
1285 1868 1321 1925 et
1347 1859 1451 1945 ipsum

302 1968 411 2025 autern
428 1959 452 2023 J
453 1980 541 2023 esum
559 1960 694 2025 Simonis
710 1960 865 2046 accepisse
882 1961 1027 2040 formam,
1041 1970 1076 2026 et
1087 1968 1227 2026 stantem
1244 1958 1376 2023 irrisisse
1387 1980 1450 2023 eos.

304 2058 463 2134 Quoniam
489 2059 573 2124 enim
593 2060 709 2125 Virtus
729 2060 935 2145 incorporalis
960 2070 1031 2126 erat
1056 2067 1090 2125 et
1116 2059 1185 2123 Nus
1205 2059 1306 2125 innati
1331 2058 1451 2137 Patris,

302 2161 564 2245 transfiguratum
583 2161 848 2245 quemadmodum
865 2160 969 2235 vellet,
988 2169 1023 2226 et
1044 2160 1090 2225 sic
1113 2160 1289 2225 ascendisse
1310 2160 1354 2224 ad
1377 2180 1450 2222 eum

302 2260 357 2346 qui
386 2260 516 2325 miseret
540 2282 622 2340 eum,
647 2260 846 2325 deridentem
868 2283 931 2331 eos.
954 2282 1026 2325 cum
1056 2259 1159 2325 teneri
1183 2281 1247 2323 non
1275 2265 1392 2345 posset,
1415 2267 1450 2323 et

301 2359 463 2425 invisibilis
490 2368 572 2425 esset
614 2360 767 2425 omnibus.
819 2360 881 2424 ⁶Et
910 2359 1061 2425 liberatos
1090 2360 1189 2447 igitur
1217 2382 1271 2424 eos
1301 2358 1355 2444 qui
1381 2358 1451 2423 haec

301 2460 403 2526 sciant
422 2484 441 2524 e
459 2460 566 2524 mundi
584 2459 828 2525 fabricatoribus
845 2459 1052 2545 principibus:
1079 2467 1114 2525 et
1129 2482 1194 2523 non
1211 2468 1361 2545 oportere
1377 2479 1451 2523 con·

301 2560 386 2625 fiteri
413 2582 485 2624 eum
511 2560 565 2645 qui
592 2561 634 2624 sit
664 2560 843 2636 crucifixus,
872 2562 1025 2624 sedeam
1051 2559 1161 2645 quiin
1187 2558 1322 2623 hominis
1347 2558 1451 2623 forma

300 2661 433 2737 venerit,
452 2666 486 2724 et
502 2668 634 2745 putatus
650 2658 693 2724 sit
710 2659 887 2738 crucifixus,
907 2667 940 2724 et
957 2668 1087 2725 vocatus
1102 2659 1145 2723 sit
1162 2658 1186 2722 J
1188 2680 1268 2732 esus,
1287 2666 1321 2722 et
1337 2656 1450 2721 missus

300 2761 449 2835 aPctre,
467 2760 515 2825 uti
533 2782 591 2845 per
607 2759 846 2844 dispositionem
866 2760 947 2824 hunc
973 2782 1071 2846 opera
1092 2758 1200 2823 mundi
1223 2758 1451 2822 fabricatorum

301 2860 497 2925 dissolveret.
539 2856 573 2922 Si
591 2858 661 2943 quis
678 2858 786 2945 igitur,
805 2859 861 2934 ait,
876 2860 1047 2924 confitetur
1064 2858 1260 2934 crucifixum,
1279 2858 1382 2921 adhuc
1398 2855 1450 2920 hie

299 2981 406 3024 servus
429 2966 489 3035 est,
518 2967 553 3024 et
577 2960 635 3023 sub
659 2965 821 3042 potestate
843 2981 951 3023 eorum
975 2959 1028 3044 qui
1051 2980 1186 3044 corpora
1206 2957 1369 3023 fecerunt:
1395 2955 1449 3040 qui

299 3070 409 3124 autem
430 3057 604 3145 negaverit,
627 3058 780 3122 liberatus
805 3066 855 3123 est
875 3058 1003 3146 quidem
1025 3061 1066 3125 ab
1088 3058 1138 3135 iis,
1159 3057 1321 3145 cognoscit
1341 3064 1450 3121 autem

299 3158 540 3245 dispositionem
557 3156 660 3224 innati
679 3157 797 3223 Petris.

297 3397 374 3446 Latin
391 3396 505 3456 concord,
529 3396 550 3443 is
571 3393 712 3458 frequently
730 3392 849 3442 obserred
893 3391 1063 3453 phantasiam.
1101 3390 1169 3441 llrule
1180 3391 1448 3441 Ermnsuruslloem.

296 3479 322 3527 in
334 3479 377 3526 the
388 3478 543 3526 translation.
898 3487 938 3533 24,
951 3472 966 3530 f
979 3487 1001 3535 3,
1014 3473 1065 3523 uit:
1082 3475 1159 3523 Αὐτὸς
1170 3476 1225 3536 περὶ
1241 3475 1355 3536 Χριστοῦ,
1368 3475 1399 3524 ὡς
1412 3476 1449 3523 do·

346 3558 356 3591 ¹
374 3558 519 3618 Βουληθέντι
542 3559 568 3606 δὲ
588 3560 668 3617 τούτῳ
688 3556 738 3606 τοῖς
757 3556 849 3605 οἰκείοις
897 3555 966 3613 κήτει
978 3556 1119 3615 πεφηνότος,
1134 3555 1218 3613 ὁμοίως
1230 3555 1330 3615 δοξάζει.
1344 3555 1447 3605 GRABR.

296 3642 395 3691 άτοντα
412 3641 529 3699 ὑποτάξαι
551 3640 583 3688 τὰ
602 3642 665 3698 ἔθνη,
689 3641 743 3687 τούς
760 3641 849 3688 άλλοοε
946 3634 1037 3695 Ὀὐχὶ
1056 3634 1152 3693 Ἰησοῦν
1174 3636 1274 3696 φάσκων
1296 3636 1446 3694 πεπονθέναι,

296 3722 625 3786 άρχονταεάντιτράξασθαι.
659 3720 759 3771 Triton.
777 3722 846 3771 Hirr.
898 3717 964 3765 oms
981 3717 1078 3775 Σίμωνα
1099 3715 1142 3766 τάν
1153 3718 1361 3779 Κυρηναῖον-καί
1376 3724 1450 3779 φησιν

295 3804 326 3855 F.
339 3817 358 3854 1.
372 3821 395 3865 4.
897 3800 991 3859 &cefron
1008 3802 1033 3849 e
1044 3801 1079 3860 τῷ
1089 3803 1221 3862 βαστάζειν
1234 3800 1277 3851 τὸν
1286 3804 1397 3863 σταυρὸν,
1409 3819 1450 3861 με·

344 3884 356 3918 ¹
372 3884 546 3934 moerentis
560 3884 637 3933 found
648 3884 674 3932 in
686 3884 846 3945 theomaro,
896 3884 1111 3944 τομεμορφιοτέναι
1123 3884 1155 3931 slr
1169 3884 1213 3931 τοῦ
1227 3884 1314 3932 ἑαυτοῦ
1329 3885 1396 3943 elder,
1409 3885 1450 3932 καὶ

295 3968 386 4029 Voss„
414 3966 463 4017 and
488 3967 566 4017 Plus.
591 3966 677 4027 MSS„
704 3966 846 4027 mmmm,
897 3964 982 4013 ἑαυτὸν
1004 3967 1036 4015 εἱς
1057 3964 1101 4014 τάν
1118 3966 1402 4025 Σίμωνο--ἐκείνον
1423 3967 1451 4015 δὲ

295 4050 413 4100 Gnanu’s
424 4049 533 4113 reading,
547 4050 593 4097 hes
607 4064 675 4097 more
688 4050 731 4097 the
744 4061 846 4113 eppenr-
896 4048 1071 4109 στουρωμίνου,
1091 4048 1189 4105 ἑστήκει
1206 4048 1362 4109 coronopus
1379 4048 1448 4109 άορά-

294 4142 355 4175 ance
372 4128 400 4175 ol
416 4144 432 4175 c
448 4126 571 4189 marginal
585 4126 658 4189 gloss.
696 4126 749 4175 The
764 4126 848 4175 Greek
896 4145 943 4178 ται
954 4128 1077 4190 ὁἸησοῦι,
1089 4118 1233 4189 εοταῆελῶν
1244 4130 1292 4177 τῶν
1302 4128 1345 4177 τον
1351 4130 1450 4188 Σίμωνα

294 4209 844 4272 οοοίναίεαιαιογὴονοοοεαέπανεπὴδησον,
896 4212 1070 4271 σταυρούντων.
1106 4209 1238 4259 Errrnan.
1251 4210 1268 4260 l.
1282 4226 1302 4260 e.

342 4287 417 4339 ’rto
438 4291 464 4338 dt
481 4290 610 4351 ἀγέννητον
626 4292 705 4337 τοῦτο
722 4291 845 4350 θεώμενον,
945 4288 956 4321 ⁶
973 4292 1066 4352 prpcr
1077 4292 1103 4339 δὲ
1114 4294 1235 4340 πιστεύειν
1250 4294 1342 4353 ἔλεγεν,
1358 4294 1400 4340 οὐκ
1417 4293 1450 4341 clo

294 4369 335 4419 τὸν
358 4372 509 4434 τρωτόγενον
531 4372 604 4419 αὐτοῦ
620 4372 673 4419 νοῦν
691 4372 844 4430 ἀποστεῖλαι,
896 4373 938 4421 τὸν
954 4373 1139 4434 ἐσταυρωμένον,
1159 4372 1213 4421 ἀλλ’
1229 4374 1261 4422 εἰς
1275 4375 1317 4421 τὸν
1330 4374 1449 4435 ἐσταυρῶ-

294 4452 321 4498 άν
335 4452 375 4499 καὶ
390 4450 496 4513 Χριστὸν
507 4452 708 4513 τροσηάρευσεν.
743 4452 844 4500 Triton.
896 4454 953 4501 σθαι
964 4454 1077 4512 δόξοντα·
1090 4454 1152 4502 οὕτω
1163 4454 1212 4517 γάρ
1223 4461 1285 4517 φησι
1296 4453 1450 4512 δννατάντῆε

294 4530 311 4578 l.
325 4545 345 4581 e.
895 4535 943 4582 τῶν
951 4536 1102 4592 κοσμοποιῶν
1113 4536 1251 4584 δυναστείας
1262 4535 1446 4596 ἀπαλλαγῆναι.

343 4610 354 4639 ⁴
377 4610 514 4661 Βοοαιιάιιιο
541 4610 643 4674 spectem
673 4612 768 4674 coelicet,
798 4611 847 4663 ειόι
895 4613 994 4664 Tenon.
1008 4615 1026 4667 l.
1038 4632 1059 4668 ι.
