<?xml version="1.0" encoding="UTF-8"?>
<!DOCTYPE html PUBLIC "-//W3C//DTD XHTML 1.0 Transitional//EN"
    "http://www.w3.org/TR/xhtml1/DTD/xhtml1-transitional.dtd">
<html xmlns="http://www.w3.org/1999/xhtml" xml:lang="en" lang="en">
 <head>
  <title>
</title>
<meta http-equiv="Content-Type" content="text/html;charset=utf-8" />
  <meta name='ocr-system' content='tesseract 3.04.00' />
  <meta name='ocr-capabilities' content='ocr_page ocr_carea ocr_par ocr_line ocrx_word'/>
</head>
<body>
  <div class='ocr_page' id='page_1' title='image "./sanctiirenilibr01irengoog_0211.png"; bbox 0 0 3225 5184; ppageno 0'>
   <div class='ocr_carea' id='block_1_1' title="bbox 679 418 1308 485">
    <p class='ocr_par' dir='ltr' id='par_1_1' title="bbox 679 418 1308 485">
     <span class='ocr_line' id='line_1_1' title="bbox 679 418 1308 485; baseline 0.002 -4"><span class='ocrx_word' id='word_1_1' title='bbox 679 430 786 485; x_wconf 78' lang='lat' dir='ltr'><strong>noue.</strong></span> <span class='ocrx_word' id='word_1_2' title='bbox 1267 418 1308 482; x_wconf 79' lang='lat'><strong>13</strong></span> 
     </span>
    </p>
   </div>
   <div class='ocr_carea' id='block_1_2' title="bbox 155 590 1472 1028">
    <p class='ocr_par' dir='ltr' id='par_1_2' title="bbox 155 590 1472 907">
     <span class='ocr_line' id='line_1_2' title="bbox 156 590 1463 691; baseline 0.002 -30"><span class='ocrx_word' id='word_1_3' title='bbox 156 592 349 691; x_wconf 83' lang='grc' dir='ltr'>Μυσπῆρια,</span> <span class='ocrx_word' id='word_1_4' title='bbox 377 590 398 662; x_wconf 80' lang='grc' dir='ltr'>ἃ</span> <span class='ocrx_word' id='word_1_5' title='bbox 431 597 710 691; x_wconf 79' lang='grc' dir='ltr'>καρποφοροῦσιν</span> <span class='ocrx_word' id='word_1_6' title='bbox 740 592 845 675; x_wconf 73' lang='grc' dir='ltr'>αὐτοὶ,</span> <span class='ocrx_word' id='word_1_7' title='bbox 874 593 929 662; x_wconf 80' lang='grc' dir='ltr'><strong>καὶ</strong></span> <span class='ocrx_word' id='word_1_8' title='bbox 961 592 991 661; x_wconf 81' lang='grc' dir='ltr'><strong>εἷ</strong></span> <span class='ocrx_word' id='word_1_9' title='bbox 1020 622 1085 663; x_wconf 92' lang='grc' dir='ltr'><strong>που</strong></span> <span class='ocrx_word' id='word_1_10' title='bbox 1112 624 1147 663; x_wconf 90' lang='grc' dir='ltr'><strong>τι</strong></span> <span class='ocrx_word' id='word_1_11' title='bbox 1179 597 1246 665; x_wconf 78' lang='grc' dir='ltr'><strong>τῶν</strong></span> <span class='ocrx_word' id='word_1_12' title='bbox 1275 595 1309 664; x_wconf 84' lang='grc' dir='ltr'><strong>έν</strong></span> <span class='ocrx_word' id='word_1_13' title='bbox 1330 600 1463 686; x_wconf 47' lang='grc' dir='ltr'><strong>ἓξὲξῒξ</strong></span> 
     </span>
     <span class='ocr_line' id='line_1_3' title="bbox 155 693 1472 805; baseline 0.004 -30"><span class='ocrx_word' id='word_1_14' title='bbox 155 709 275 788; x_wconf 75' lang='grc' dir='ltr'>πλάθει</span> <span class='ocrx_word' id='word_1_15' title='bbox 299 705 469 803; x_wconf 75' lang='grc' dir='ltr'>εἰρημένων</span> <span class='ocrx_word' id='word_1_16' title='bbox 492 705 524 773; x_wconf 91' lang='grc' dir='ltr'><strong>ε’ν</strong></span> <span class='ocrx_word' id='word_1_17' title='bbox 546 714 618 780; x_wconf 71' lang='grc' dir='ltr'>ταῖς·</span> <span class='ocrx_word' id='word_1_18' title='bbox 644 712 795 805; x_wconf 78' lang='grc' dir='ltr'>γραφαῖς·</span> <span class='ocrx_word' id='word_1_19' title='bbox 820 703 961 787; x_wconf 74' lang='grc' dir='ltr'>δυνηθείη</span> <span class='ocrx_word' id='word_1_20' title='bbox 985 706 1236 805; x_wconf 80' lang='grc' dir='ltr'>προσαρμόσαι,</span> <span class='ocrx_word' id='word_1_21' title='bbox 1255 707 1308 778; x_wconf 74' lang='grc' dir='ltr'><strong>καὶ</strong></span> <span class='ocrx_word' id='word_1_22' title='bbox 1322 693 1472 780; x_wconf 54' lang='lat' dir='ltr'><strong>Q&#39;</strong></span> 
     </span>
     <span class='ocr_line' id='line_1_4' title="bbox 155 814 684 907; baseline -0.004 -18"><span class='ocrx_word' id='word_1_23' title='bbox 155 816 283 889; x_wconf 80' lang='grc' dir='ltr'>εἶκάσαι</span> <span class='ocrx_word' id='word_1_24' title='bbox 303 820 352 907; x_wconf 79' lang='grc' dir='ltr'><strong>τῷ</strong></span> <span class='ocrx_word' id='word_1_25' title='bbox 372 814 551 901; x_wconf 81' lang='grc' dir='ltr'>πλάσματι</span> <span class='ocrx_word' id='word_1_26' title='bbox 570 818 684 887; x_wconf 81' lang='grc' dir='ltr'>αάτῶυ.</span> 
     </span>
    </p>

    <p class='ocr_par' dir='ltr' id='par_1_3' title="bbox 237 925 1310 1028">
     <span class='ocr_line' id='line_1_5' title="bbox 237 925 1310 1028; baseline 0.003 -29"><span class='ocrx_word' id='word_1_27' title='bbox 237 952 269 999; x_wconf 84' lang='lat'><strong>2.</strong></span> <span class='ocrx_word' id='word_1_28' title='bbox 323 928 395 1001; x_wconf 82' lang='grc' dir='ltr'><strong>Τόν</strong></span> <span class='ocrx_word' id='word_1_29' title='bbox 420 927 479 1012; x_wconf 80' lang='grc' dir='ltr'><strong>μέν</strong></span> <span class='ocrx_word' id='word_1_30' title='bbox 509 928 562 1000; x_wconf 78' lang='grc' dir='ltr'><strong>οθν</strong></span> <span class='ocrx_word' id='word_1_31' title='bbox 592 925 811 1028; x_wconf 87' lang='grc' dir='ltr'>Προπάτορα</span> <span class='ocrx_word' id='word_1_32' title='bbox 840 929 945 1001; x_wconf 60' lang='lat' dir='ltr'><strong>adrev</strong></span> <span class='ocrx_word' id='word_1_33' title='bbox 971 931 1191 1021; x_wconf 78' lang='grc' dir='ltr'>γινώσκεσθαι</span> <span class='ocrx_word' id='word_1_34' title='bbox 1220 934 1310 1022; x_wconf 84' lang='grc' dir='ltr'>μόνῳ</span> 
     </span>
    </p>
   </div>
   <div class='ocr_carea' id='block_1_3' title="bbox 156 1040 1308 1135">
    <p class='ocr_par' dir='ltr' id='par_1_4' title="bbox 156 1040 1308 1135">
     <span class='ocr_line' id='line_1_6' title="bbox 156 1040 1308 1135; baseline 0 -22"><span class='ocrx_word' id='word_1_35' title='bbox 156 1045 295 1134; x_wconf 86' lang='grc' dir='ltr'>λέγουσι</span> <span class='ocrx_word' id='word_1_36' title='bbox 317 1050 367 1132; x_wconf 75' lang='grc' dir='ltr'><strong>τῷ</strong></span> <span class='ocrx_word' id='word_1_37' title='bbox 384 1040 423 1135; x_wconf 80' lang='grc' dir='ltr'><strong>ἐξ</strong></span> <span class='ocrx_word' id='word_1_38' title='bbox 442 1042 544 1114; x_wconf 63' lang='lat' dir='ltr'><strong>atro&amp;</strong></span> <span class='ocrx_word' id='word_1_39' title='bbox 561 1043 720 1133; x_wconf 77' lang='grc' dir='ltr'>γεγονότι</span> <span class='ocrx_word' id='word_1_40' title='bbox 747 1040 944 1133; x_wconf 84' lang='grc' dir='ltr'>Μονογενεῖ,</span> <span class='ocrx_word' id='word_1_41' title='bbox 969 1044 1129 1115; x_wconf 86' lang='grc' dir='ltr'>τουτέστι</span> <span class='ocrx_word' id='word_1_42' title='bbox 1159 1052 1209 1134; x_wconf 80' lang='grc' dir='ltr'><strong>τῷ</strong></span> <span class='ocrx_word' id='word_1_43' title='bbox 1234 1045 1308 1135; x_wconf 76' lang='grc' dir='ltr'><strong>Νῷ·</strong></span> 
     </span>
    </p>
   </div>
   <div class='ocr_carea' id='block_1_4' title="bbox 155 1152 1309 1256">
    <p class='ocr_par' dir='ltr' id='par_1_5' title="bbox 155 1152 1309 1256">
     <span class='ocr_line' id='line_1_7' title="bbox 155 1152 1309 1256; baseline 0 -29"><span class='ocrx_word' id='word_1_44' title='bbox 155 1166 227 1232; x_wconf 82' lang='grc' dir='ltr'>τοῖς</span> <span class='ocrx_word' id='word_1_45' title='bbox 257 1154 291 1225; x_wconf 75' lang='grc' dir='ltr'><strong>δέ</strong></span> <span class='ocrx_word' id='word_1_46' title='bbox 316 1163 448 1231; x_wconf 78' lang='grc' dir='ltr'>λοιποῖς</span> <span class='ocrx_word' id='word_1_47' title='bbox 478 1158 582 1225; x_wconf 82' lang='grc' dir='ltr'>πᾶσιν</span> <span class='ocrx_word' id='word_1_48' title='bbox 609 1155 756 1253; x_wconf 85' lang='grc' dir='ltr'>άάρατον</span> <span class='ocrx_word' id='word_1_49' title='bbox 786 1154 840 1224; x_wconf 77' lang='grc' dir='ltr'><strong>καὶ</strong></span> <span class='ocrx_word' id='word_1_50' title='bbox 867 1152 1110 1237; x_wconf 78' lang='grc' dir='ltr'>ἀκατάληπτον</span> <span class='ocrx_word' id='word_1_51' title='bbox 1133 1154 1309 1256; x_wconf 77' lang='grc' dir='ltr'>ὑπάρχειν·</span> 
     </span>
    </p>
   </div>
   <div class='ocr_carea' id='block_1_5' title="bbox 155 1266 1311 2381">
    <p class='ocr_par' dir='ltr' id='par_1_6' title="bbox 155 1266 1311 2381">
     <span class='ocr_line' id='line_1_8' title="bbox 155 1266 1309 1368; baseline -0.001 -29"><span class='ocrx_word' id='word_1_52' title='bbox 155 1270 254 1352; x_wconf 81' lang='grc' dir='ltr'>μόνος</span> <span class='ocrx_word' id='word_1_53' title='bbox 273 1267 308 1338; x_wconf 77' lang='grc' dir='ltr'><strong>δὲ</strong></span> <span class='ocrx_word' id='word_1_54' title='bbox 328 1270 346 1338; x_wconf 88' lang='grc' dir='ltr'>ὁ</span> <span class='ocrx_word' id='word_1_55' title='bbox 366 1267 456 1343; x_wconf 75' lang='grc' dir='ltr'>Νοῦς</span> <span class='ocrx_word' id='word_1_56' title='bbox 478 1266 551 1339; x_wconf 85' lang='grc' dir='ltr'>κατ’</span> <span class='ocrx_word' id='word_1_57' title='bbox 575 1266 691 1343; x_wconf 81' lang='lat' dir='ltr'><strong>or&#39;rroir</strong></span> <span class='ocrx_word' id='word_1_58' title='bbox 713 1268 878 1364; x_wconf 77' lang='grc' dir='ltr'>ἐτέρπετο</span> <span class='ocrx_word' id='word_1_59' title='bbox 908 1270 1035 1366; x_wconf 80' lang='grc' dir='ltr'>θεωρῶν</span> <span class='ocrx_word' id='word_1_60' title='bbox 1063 1266 1126 1339; x_wconf 79' lang='grc' dir='ltr'><strong>τὸν</strong></span> <span class='ocrx_word' id='word_1_61' title='bbox 1155 1268 1309 1368; x_wconf 77' lang='grc' dir='ltr'>Πατέρα,</span> 
     </span>
     <span class='ocr_line' id='line_1_9' title="bbox 156 1378 1308 1477; baseline 0.001 -26"><span class='ocrx_word' id='word_1_62' title='bbox 156 1381 210 1452; x_wconf 73' lang='grc' dir='ltr'><strong>καὶ</strong></span> <span class='ocrx_word' id='word_1_63' title='bbox 227 1380 271 1452; x_wconf 83' lang='grc' dir='ltr'><strong>τὸ</strong></span> <span class='ocrx_word' id='word_1_64' title='bbox 290 1381 431 1471; x_wconf 81' lang='grc' dir='ltr'>μέγεθος</span> <span class='ocrx_word' id='word_1_65' title='bbox 451 1379 494 1450; x_wconf 82' lang='grc' dir='ltr'><strong>τά</strong></span> <span class='ocrx_word' id='word_1_66' title='bbox 512 1381 700 1477; x_wconf 79' lang='grc' dir='ltr'>ἀμέτρητον</span> <span class='ocrx_word' id='word_1_67' title='bbox 724 1380 826 1450; x_wconf 77' lang='grc' dir='ltr'>αι’ττοῦ</span> <span class='ocrx_word' id='word_1_68' title='bbox 845 1379 1015 1449; x_wconf 71' lang='grc' dir='ltr'>κατανοῶν</span> <span class='ocrx_word' id='word_1_69' title='bbox 1040 1378 1229 1471; x_wconf 73' lang='grc' dir='ltr'>ἠγάλλετο·</span> <span class='ocrx_word' id='word_1_70' title='bbox 1254 1382 1308 1453; x_wconf 75' lang='grc' dir='ltr'><strong>καὶ</strong></span> 
     </span>
     <span class='ocr_line' id='line_1_10' title="bbox 158 1491 1310 1586; baseline 0.002 -23"><span class='ocrx_word' id='word_1_71' title='bbox 158 1491 314 1564; x_wconf 71' lang='grc' dir='ltr'>διενοεῖτο</span> <span class='ocrx_word' id='word_1_72' title='bbox 332 1492 384 1563; x_wconf 72' lang='grc' dir='ltr'><strong>καὶ</strong></span> <span class='ocrx_word' id='word_1_73' title='bbox 403 1502 474 1568; x_wconf 76' lang='grc' dir='ltr'>τοῖς</span> <span class='ocrx_word' id='word_1_74' title='bbox 501 1500 633 1568; x_wconf 77' lang='grc' dir='ltr'>λοιποῖς</span> <span class='ocrx_word' id='word_1_75' title='bbox 661 1494 774 1562; x_wconf 79' lang='grc' dir='ltr'>αι’ὣσιυ</span> <span class='ocrx_word' id='word_1_76' title='bbox 802 1492 1087 1562; x_wconf 82' lang='grc' dir='ltr'>άνακοινάσασθαι</span> <span class='ocrx_word' id='word_1_77' title='bbox 1107 1492 1151 1565; x_wconf 81' lang='grc' dir='ltr'><strong>τὸ</strong></span> <span class='ocrx_word' id='word_1_78' title='bbox 1168 1494 1310 1586; x_wconf 78' lang='grc' dir='ltr'>μέγεθος</span> 
     </span>
     <span class='ocr_line' id='line_1_11' title="bbox 158 1603 1310 1705; baseline 0.001 -29"><span class='ocrx_word' id='word_1_79' title='bbox 158 1610 220 1677; x_wconf 78' lang='grc' dir='ltr'><strong>τοῦ</strong></span> <span class='ocrx_word' id='word_1_80' title='bbox 237 1603 388 1705; x_wconf 78' lang='grc' dir='ltr'>Πατρός,</span> <span class='ocrx_word' id='word_1_81' title='bbox 406 1606 516 1687; x_wconf 78' lang='grc' dir='ltr'>ἡλίκος</span> <span class='ocrx_word' id='word_1_82' title='bbox 533 1637 573 1676; x_wconf 91' lang='grc' dir='ltr'><strong>τε</strong></span> <span class='ocrx_word' id='word_1_83' title='bbox 589 1604 642 1675; x_wconf 73' lang='grc' dir='ltr'><strong>καὶ</strong></span> <span class='ocrx_word' id='word_1_84' title='bbox 662 1606 741 1680; x_wconf 82' lang='grc' dir='ltr'>ὅσος</span> <span class='ocrx_word' id='word_1_85' title='bbox 766 1607 901 1702; x_wconf 77' lang='grc' dir='ltr'>ὑπῆρχε,</span> <span class='ocrx_word' id='word_1_86' title='bbox 922 1605 976 1673; x_wconf 78' lang='grc' dir='ltr'><strong>καὶ</strong></span> <span class='ocrx_word' id='word_1_87' title='bbox 996 1608 1036 1681; x_wconf 81' lang='grc' dir='ltr'><strong>ὡς</strong></span> <span class='ocrx_word' id='word_1_88' title='bbox 1054 1604 1090 1688; x_wconf 69' lang='grc' dir='ltr'><strong>ἢν</strong></span> <span class='ocrx_word' id='word_1_89' title='bbox 1107 1604 1252 1704; x_wconf 73' lang='grc' dir='ltr'>άναρχόε</span> <span class='ocrx_word' id='word_1_90' title='bbox 1270 1634 1310 1680; x_wconf 87' lang='grc' dir='ltr'><strong>τε</strong></span> 
     </span>
     <span class='ocr_line' id='line_1_12' title="bbox 157 1714 1310 1817; baseline 0 -29"><span class='ocrx_word' id='word_1_91' title='bbox 157 1718 211 1789; x_wconf 76' lang='grc' dir='ltr'><strong>καὶ</strong></span> <span class='ocrx_word' id='word_1_92' title='bbox 231 1718 413 1817; x_wconf 79' lang='grc' dir='ltr'>άχιέρητος,</span> <span class='ocrx_word' id='word_1_93' title='bbox 437 1718 490 1788; x_wconf 76' lang='grc' dir='ltr'><strong>καὶ</strong></span> <span class='ocrx_word' id='word_1_94' title='bbox 519 1718 556 1787; x_wconf 82' lang='grc' dir='ltr'><strong>οὗ</strong></span> <span class='ocrx_word' id='word_1_95' title='bbox 574 1715 793 1799; x_wconf 81' lang='grc' dir='ltr'>καταληπτός</span> <span class='ocrx_word' id='word_1_96' title='bbox 812 1714 903 1786; x_wconf 79' lang='grc' dir='ltr'>ἰδεῖν·</span> <span class='ocrx_word' id='word_1_97' title='bbox 933 1716 1103 1813; x_wconf 76' lang='grc' dir='ltr'><strong>Ῑκατέσχε</strong></span> <span class='ocrx_word' id='word_1_98' title='bbox 1120 1715 1155 1787; x_wconf 76' lang='lat' dir='ltr'><strong>dd</strong></span> <span class='ocrx_word' id='word_1_99' title='bbox 1174 1716 1310 1801; x_wconf 75' lang='grc' dir='ltr'>αι’ντόνὴ</span> 
     </span>
     <span class='ocr_line' id='line_1_13' title="bbox 158 1825 1311 1930; baseline 0.003 -31"><span class='ocrx_word' id='word_1_100' title='bbox 158 1830 248 1923; x_wconf 77' lang='grc' dir='ltr'>Σιγη</span> <span class='ocrx_word' id='word_1_101' title='bbox 265 1832 425 1919; x_wconf 81' lang='grc' dir='ltr'>βουλήσει</span> <span class='ocrx_word' id='word_1_102' title='bbox 444 1835 507 1903; x_wconf 78' lang='grc' dir='ltr'><strong>τοῦ</strong></span> <span class='ocrx_word' id='word_1_103' title='bbox 525 1828 676 1930; x_wconf 82' lang='grc' dir='ltr'>Πατρὸς,</span> <span class='ocrx_word' id='word_1_104' title='bbox 702 1826 753 1898; x_wconf 77' lang='grc' dir='ltr'>διὰ</span> <span class='ocrx_word' id='word_1_105' title='bbox 780 1827 823 1899; x_wconf 81' lang='grc' dir='ltr'><strong>τό</strong></span> <span class='ocrx_word' id='word_1_106' title='bbox 847 1829 954 1899; x_wconf 86' lang='grc' dir='ltr'>θέλειν</span> <span class='ocrx_word' id='word_1_107' title='bbox 976 1825 1106 1906; x_wconf 73' lang='grc' dir='ltr'>πάντας</span> <span class='ocrx_word' id='word_1_108' title='bbox 1130 1831 1246 1908; x_wconf 67' lang='grc' dir='ltr'>αὐτοὺς</span> <span class='ocrx_word' id='word_1_109' title='bbox 1268 1834 1311 1907; x_wconf 77' lang='grc' dir='ltr'><strong>εἷς</strong></span> 
     </span>
     <span class='ocr_line' id='line_1_14' title="bbox 158 1940 1311 2043; baseline 0 -30"><span class='ocrx_word' id='word_1_110' title='bbox 158 1945 284 2013; x_wconf 82' lang='grc' dir='ltr'>ἔννοιαν</span> <span class='ocrx_word' id='word_1_111' title='bbox 314 1944 367 2013; x_wconf 78' lang='grc' dir='ltr'><strong>καὶ</strong></span> <span class='ocrx_word' id='word_1_112' title='bbox 397 1944 504 2014; x_wconf 90' lang='grc' dir='ltr'>πόθον</span> <span class='ocrx_word' id='word_1_113' title='bbox 533 1941 696 2043; x_wconf 75' lang='grc' dir='ltr'>ζητήσεως</span> <span class='ocrx_word' id='word_1_114' title='bbox 724 1946 787 2012; x_wconf 79' lang='grc' dir='ltr'><strong>τοῦ</strong></span> <span class='ocrx_word' id='word_1_115' title='bbox 816 1942 1051 2040; x_wconf 91' lang='grc' dir='ltr'>προειρημένου</span> <span class='ocrx_word' id='word_1_116' title='bbox 1078 1940 1311 2042; x_wconf 76' lang='grc' dir='ltr'>Προπάτορος</span> 
     </span>
     <span class='ocr_line' id='line_1_15' title="bbox 159 2052 1311 2151; baseline -0.001 -25"><span class='ocrx_word' id='word_1_117' title='bbox 159 2057 263 2127; x_wconf 77' lang='grc' dir='ltr'>αὐτῶν</span> <span class='ocrx_word' id='word_1_118' title='bbox 283 2056 434 2148; x_wconf 83' lang='grc' dir='ltr'>άγογεΐν.</span> <span class='ocrx_word' id='word_1_119' title='bbox 473 2054 543 2125; x_wconf 79' lang='lat' dir='ltr'><strong>Kal</strong></span> <span class='ocrx_word' id='word_1_120' title='bbox 569 2058 603 2127; x_wconf 80' lang='grc' dir='ltr'><strong>οἱ</strong></span> <span class='ocrx_word' id='word_1_121' title='bbox 617 2052 676 2139; x_wconf 78' lang='grc' dir='ltr'><strong>μὲν</strong></span> <span class='ocrx_word' id='word_1_122' title='bbox 702 2053 819 2125; x_wconf 78' lang='grc' dir='ltr'>λοιποὶ</span> <span class='ocrx_word' id='word_1_123' title='bbox 844 2054 962 2136; x_wconf 79' lang='grc' dir='ltr'>ὁμοίως</span> <span class='ocrx_word' id='word_1_124' title='bbox 979 2053 1103 2131; x_wconf 66' lang='lat' dir='ltr'><strong>Addere</strong></span> <span class='ocrx_word' id='word_1_125' title='bbox 1120 2058 1227 2151; x_wconf 66' lang='grc' dir='ltr'>ἡσυχῆ</span> <span class='ocrx_word' id='word_1_126' title='bbox 1244 2087 1311 2133; x_wconf 80' lang='grc' dir='ltr'>ποις</span> 
     </span>
     <span class='ocr_line' id='line_1_16' title="bbox 158 2165 1311 2266; baseline 0.001 -29"><span class='ocrx_word' id='word_1_127' title='bbox 158 2169 342 2240; x_wconf 89' lang='grc' dir='ltr'>ε’πεπόθουν</span> <span class='ocrx_word' id='word_1_128' title='bbox 359 2165 420 2239; x_wconf 84' lang='grc' dir='ltr'><strong>τὸν</strong></span> <span class='ocrx_word' id='word_1_129' title='bbox 441 2169 619 2266; x_wconf 85' lang='grc' dir='ltr'>προβολέα</span> <span class='ocrx_word' id='word_1_130' title='bbox 642 2172 705 2239; x_wconf 80' lang='grc' dir='ltr'><strong>τοῦ</strong></span> <span class='ocrx_word' id='word_1_131' title='bbox 730 2167 927 2263; x_wconf 79' lang='grc' dir='ltr'>σπέρματος</span> <span class='ocrx_word' id='word_1_132' title='bbox 947 2167 1052 2237; x_wconf 78' lang='grc' dir='ltr'>αι’ττῶυ</span> <span class='ocrx_word' id='word_1_133' title='bbox 1073 2166 1160 2251; x_wconf 71' lang='lat' dir='ltr'><strong>idria,</strong></span> <span class='ocrx_word' id='word_1_134' title='bbox 1178 2169 1232 2239; x_wconf 78' lang='lat' dir='ltr'><strong>rei</strong></span> <span class='ocrx_word' id='word_1_135' title='bbox 1249 2170 1311 2250; x_wconf 77' lang='grc' dir='ltr'><strong>τὴν</strong></span> 
     </span>
     <span class='ocr_line' id='line_1_17' title="bbox 158 2276 1311 2381; baseline -0.001 -29"><span class='ocrx_word' id='word_1_136' title='bbox 158 2278 304 2379; x_wconf 82' lang='grc' dir='ltr'>άναρχον</span> <span class='ocrx_word' id='word_1_137' title='bbox 324 2279 439 2381; x_wconf 64' lang='grc' dir='ltr'><strong>αῥίζαν</strong></span> <span class='ocrx_word' id='word_1_138' title='bbox 465 2283 660 2378; x_wconf 76' lang='grc' dir='ltr'>ἱστορῆσαι·</span> <span class='ocrx_word' id='word_1_139' title='bbox 688 2278 868 2379; x_wconf 78' lang='grc' dir='ltr'>προῆλατο</span> <span class='ocrx_word' id='word_1_140' title='bbox 897 2276 931 2348; x_wconf 76' lang='grc' dir='ltr'><strong>δὲ</strong></span> <span class='ocrx_word' id='word_1_141' title='bbox 957 2279 1046 2350; x_wconf 78' lang='grc' dir='ltr'>πολὺ</span> <span class='ocrx_word' id='word_1_142' title='bbox 1073 2282 1092 2349; x_wconf 85' lang='grc' dir='ltr'>ό</span> <span class='ocrx_word' id='word_1_143' title='bbox 1119 2288 1311 2358; x_wconf 79' lang='grc' dir='ltr'>τελευταῖος</span> 
     </span>
    </p>
   </div>
   <div class='ocr_carea' id='block_1_6' title="bbox 157 2484 1311 3965">
    <p class='ocr_par' dir='ltr' id='par_1_7' title="bbox 157 2484 1309 2672">
     <span class='ocr_line' id='line_1_18' title="bbox 157 2484 1309 2573; baseline 0.003 -24"><span class='ocrx_word' id='word_1_144' title='bbox 157 2484 256 2549; x_wconf 88' lang='lat' dir='ltr'><strong>sicubi</strong></span> <span class='ocrx_word' id='word_1_145' title='bbox 272 2484 347 2571; x_wconf 93' lang='lat' dir='ltr'><strong>quid</strong></span> <span class='ocrx_word' id='word_1_146' title='bbox 365 2506 484 2559; x_wconf 91' lang='lat' dir='ltr'><strong>eorum,</strong></span> <span class='ocrx_word' id='word_1_147' title='bbox 502 2487 592 2571; x_wconf 83' lang='lat' dir='ltr'><strong>³quae</strong></span> <span class='ocrx_word' id='word_1_148' title='bbox 618 2485 768 2550; x_wconf 86' lang='lat' dir='ltr'><strong>dicuntur</strong></span> <span class='ocrx_word' id='word_1_149' title='bbox 792 2484 826 2549; x_wconf 92' lang='lat' dir='ltr'><strong>in</strong></span> <span class='ocrx_word' id='word_1_150' title='bbox 848 2484 1024 2571; x_wconf 87' lang='lat' dir='ltr'><strong>seripturis,</strong></span> <span class='ocrx_word' id='word_1_151' title='bbox 1042 2494 1196 2571; x_wconf 88' lang='lat' dir='ltr'><strong>poterunt</strong></span> <span class='ocrx_word' id='word_1_152' title='bbox 1212 2488 1309 2573; x_wconf 84' lang='lat' dir='ltr'><strong>adap-</strong></span> 
     </span>
     <span class='ocr_line' id='line_1_19' title="bbox 157 2584 722 2672; baseline 0 -23"><span class='ocrx_word' id='word_1_153' title='bbox 157 2592 228 2649; x_wconf 88' lang='lat' dir='ltr'><strong>tare</strong></span> <span class='ocrx_word' id='word_1_154' title='bbox 245 2592 279 2649; x_wconf 91' lang='lat' dir='ltr'><strong>et</strong></span> <span class='ocrx_word' id='word_1_155' title='bbox 296 2584 468 2650; x_wconf 79' lang='lat' dir='ltr'><strong>assimilare</strong></span> <span class='ocrx_word' id='word_1_156' title='bbox 485 2586 638 2672; x_wconf 88' lang='lat' dir='ltr'><strong>figmento</strong></span> <span class='ocrx_word' id='word_1_157' title='bbox 655 2606 722 2649; x_wconf 89' lang='lat' dir='ltr'><strong>suo.</strong></span> 
     </span>
    </p>

    <p class='ocr_par' dir='ltr' id='par_1_8' title="bbox 157 2683 1311 3965">
     <span class='ocr_line' id='line_1_20' title="bbox 235 2683 1308 2771; baseline 0.001 -23"><span class='ocrx_word' id='word_1_158' title='bbox 235 2687 264 2749; x_wconf 83' lang='lat'><strong>2.</strong></span> <span class='ocrx_word' id='word_1_159' title='bbox 318 2683 363 2750; x_wconf 89' lang='lat' dir='ltr'><strong>Et</strong></span> <span class='ocrx_word' id='word_1_160' title='bbox 380 2700 585 2769; x_wconf 88' lang='lat' dir='ltr'><strong>propatorem</strong></span> <span class='ocrx_word' id='word_1_161' title='bbox 609 2684 736 2769; x_wconf 90' lang='lat' dir='ltr'><strong>quidem</strong></span> <span class='ocrx_word' id='word_1_162' title='bbox 753 2705 863 2748; x_wconf 89' lang='lat' dir='ltr'><strong>eorum</strong></span> <span class='ocrx_word' id='word_1_163' title='bbox 887 2684 1033 2771; x_wconf 76' lang='lat' dir='ltr'><strong>cognosci</strong></span> <span class='ocrx_word' id='word_1_164' title='bbox 1056 2685 1114 2749; x_wconf 92' lang='lat' dir='ltr'><strong>soli</strong></span> <span class='ocrx_word' id='word_1_165' title='bbox 1135 2686 1245 2749; x_wconf 89' lang='lat' dir='ltr'><strong>dicunt</strong></span> <span class='ocrx_word' id='word_1_166' title='bbox 1269 2686 1308 2763; x_wconf 88' lang='lat' dir='ltr'><strong>ei,</strong></span> 
     </span>
     <span class='ocr_line' id='line_1_21' title="bbox 158 2782 1310 2871; baseline 0 -22"><span class='ocrx_word' id='word_1_167' title='bbox 158 2782 211 2871; x_wconf 90' lang='lat' dir='ltr'><strong>qui</strong></span> <span class='ocrx_word' id='word_1_168' title='bbox 229 2806 269 2848; x_wconf 88' lang='lat' dir='ltr'><strong>ex</strong></span> <span class='ocrx_word' id='word_1_169' title='bbox 286 2806 324 2848; x_wconf 93' lang='lat' dir='ltr'><strong>eo</strong></span> <span class='ocrx_word' id='word_1_170' title='bbox 341 2792 436 2848; x_wconf 91' lang='lat' dir='ltr'><strong>natus</strong></span> <span class='ocrx_word' id='word_1_171' title='bbox 454 2792 512 2858; x_wconf 89' lang='lat' dir='ltr'><strong>est,</strong></span> <span class='ocrx_word' id='word_1_172' title='bbox 529 2783 711 2871; x_wconf 87' lang='lat' dir='ltr'><strong>Monogeni,</strong></span> <span class='ocrx_word' id='word_1_173' title='bbox 724 2784 784 2847; x_wconf 91' lang='lat' dir='ltr'><strong>hoc</strong></span> <span class='ocrx_word' id='word_1_174' title='bbox 801 2790 860 2857; x_wconf 88' lang='lat' dir='ltr'><strong>eet,</strong></span> <span class='ocrx_word' id='word_1_175' title='bbox 878 2784 966 2849; x_wconf 83' lang='lat' dir='ltr'><strong>⁴No:</strong></span> <span class='ocrx_word' id='word_1_176' title='bbox 985 2783 1197 2870; x_wconf 86' lang='lat' dir='ltr'><strong>reliquisvero</strong></span> <span class='ocrx_word' id='word_1_177' title='bbox 1210 2786 1310 2849; x_wconf 90' lang='lat' dir='ltr'><strong>omni-</strong></span> 
     </span>
     <span class='ocr_line' id='line_1_22' title="bbox 158 2882 1308 2969; baseline 0.001 -20"><span class='ocrx_word' id='word_1_178' title='bbox 158 2886 217 2949; x_wconf 88' lang='lat' dir='ltr'><strong>bus</strong></span> <span class='ocrx_word' id='word_1_179' title='bbox 233 2883 418 2949; x_wconf 79' lang='lat' dir='ltr'><strong>invisibilem</strong></span> <span class='ocrx_word' id='word_1_180' title='bbox 444 2890 477 2949; x_wconf 95' lang='lat' dir='ltr'><strong>et</strong></span> <span class='ocrx_word' id='word_1_181' title='bbox 496 2882 843 2969; x_wconf 81' lang='lat' dir='ltr'><strong>incomprehensibilem</strong></span> <span class='ocrx_word' id='word_1_182' title='bbox 860 2906 938 2949; x_wconf 89' lang='lat' dir='ltr'><strong>esse.</strong></span> <span class='ocrx_word' id='word_1_183' title='bbox 989 2882 1082 2949; x_wconf 91' lang='lat' dir='ltr'><strong>Solus</strong></span> <span class='ocrx_word' id='word_1_184' title='bbox 1099 2894 1207 2950; x_wconf 93' lang='lat' dir='ltr'><strong>autem</strong></span> <span class='ocrx_word' id='word_1_185' title='bbox 1225 2884 1308 2964; x_wconf 92' lang='lat' dir='ltr'><strong>Nus,</strong></span> 
     </span>
     <span class='ocr_line' id='line_1_23' title="bbox 157 2983 1309 3072; baseline 0.001 -23"><span class='ocrx_word' id='word_1_186' title='bbox 157 2984 330 3049; x_wconf 87' lang='lat' dir='ltr'><strong>seeundum</strong></span> <span class='ocrx_word' id='word_1_187' title='bbox 357 3005 411 3048; x_wconf 89' lang='lat' dir='ltr'><strong>eos</strong></span> <span class='ocrx_word' id='word_1_188' title='bbox 437 2984 658 3049; x_wconf 74' lang='lat' dir='ltr'><strong>delectabatur</strong></span> <span class='ocrx_word' id='word_1_189' title='bbox 684 2983 793 3047; x_wconf 86' lang='lat' dir='ltr'><strong>videns</strong></span> <span class='ocrx_word' id='word_1_190' title='bbox 823 2983 965 3060; x_wconf 88' lang='lat' dir='ltr'><strong>Patrem,</strong></span> <span class='ocrx_word' id='word_1_191' title='bbox 994 2990 1029 3048; x_wconf 91' lang='lat' dir='ltr'><strong>et</strong></span> <span class='ocrx_word' id='word_1_192' title='bbox 1056 2985 1309 3072; x_wconf 84' lang='lat' dir='ltr'><strong>magnitudinem</strong></span> 
     </span>
     <span class='ocr_line' id='line_1_24' title="bbox 158 3083 1309 3170; baseline 0.002 -22"><span class='ocrx_word' id='word_1_193' title='bbox 158 3084 343 3148; x_wconf 88' lang='lat' dir='ltr'><strong>immensam</strong></span> <span class='ocrx_word' id='word_1_194' title='bbox 369 3083 436 3168; x_wconf 89' lang='lat' dir='ltr'><strong>ejus</strong></span> <span class='ocrx_word' id='word_1_195' title='bbox 462 3083 663 3148; x_wconf 87' lang='lat' dir='ltr'><strong>considerans</strong></span> <span class='ocrx_word' id='word_1_196' title='bbox 690 3083 867 3158; x_wconf 81' lang='lat' dir='ltr'><strong>exultabat,</strong></span> <span class='ocrx_word' id='word_1_197' title='bbox 894 3093 928 3146; x_wconf 90' lang='lat' dir='ltr'><strong>et</strong></span> <span class='ocrx_word' id='word_1_198' title='bbox 953 3083 1155 3170; x_wconf 86' lang='lat' dir='ltr'><strong>excogitabat</strong></span> <span class='ocrx_word' id='word_1_199' title='bbox 1182 3086 1309 3170; x_wconf 88' lang='lat' dir='ltr'><strong>reliquis</strong></span> 
     </span>
     <span class='ocr_line' id='line_1_25' title="bbox 159 3181 1309 3270; baseline 0 -23"><span class='ocrx_word' id='word_1_200' title='bbox 159 3205 283 3270; x_wconf 85' lang='lat' dir='ltr'><strong>quoque</strong></span> <span class='ocrx_word' id='word_1_201' title='bbox 303 3184 460 3247; x_wconf 81' lang='lat' dir='ltr'><strong>AEonibus</strong></span> <span class='ocrx_word' id='word_1_202' title='bbox 486 3182 677 3269; x_wconf 86' lang='lat' dir='ltr'><strong>participare</strong></span> <span class='ocrx_word' id='word_1_203' title='bbox 694 3181 946 3267; x_wconf 83' lang='lat' dir='ltr'><strong>magnitudinem</strong></span> <span class='ocrx_word' id='word_1_204' title='bbox 965 3182 1088 3258; x_wconf 79' lang='lat' dir='ltr'><strong>Patria3</strong></span> <span class='ocrx_word' id='word_1_205' title='bbox 1118 3192 1255 3269; x_wconf 86' lang='lat' dir='ltr'><strong>quantus</strong></span> <span class='ocrx_word' id='word_1_206' title='bbox 1275 3194 1309 3248; x_wconf 91' lang='lat' dir='ltr'><strong>et</strong></span> 
     </span>
     <span class='ocr_line' id='line_1_26' title="bbox 159 3281 1309 3370; baseline 0 -23"><span class='ocrx_word' id='word_1_207' title='bbox 159 3304 254 3368; x_wconf 92' lang='lat' dir='ltr'><strong>quam</strong></span> <span class='ocrx_word' id='word_1_208' title='bbox 277 3304 410 3370; x_wconf 89' lang='lat' dir='ltr'><strong>maguus</strong></span> <span class='ocrx_word' id='word_1_209' title='bbox 436 3284 596 3361; x_wconf 85' lang='lat' dir='ltr'><strong>existeret,</strong></span> <span class='ocrx_word' id='word_1_210' title='bbox 614 3288 647 3347; x_wconf 90' lang='lat' dir='ltr'><strong>et</strong></span> <span class='ocrx_word' id='word_1_211' title='bbox 671 3281 937 3368; x_wconf 83' lang='lat' dir='ltr'><strong>quemadmodum</strong></span> <span class='ocrx_word' id='word_1_212' title='bbox 962 3288 1033 3345; x_wconf 91' lang='lat' dir='ltr'><strong>erat</strong></span> <span class='ocrx_word' id='word_1_213' title='bbox 1057 3282 1125 3345; x_wconf 90' lang='lat' dir='ltr'><strong>siue</strong></span> <span class='ocrx_word' id='word_1_214' title='bbox 1150 3282 1251 3357; x_wconf 90' lang='lat' dir='ltr'><strong>initio,</strong></span> <span class='ocrx_word' id='word_1_215' title='bbox 1275 3290 1309 3347; x_wconf 90' lang='lat' dir='ltr'><strong>et</strong></span> 
     </span>
     <span class='ocr_line' id='line_1_27' title="bbox 158 3378 1309 3467; baseline 0 -20"><span class='ocrx_word' id='word_1_216' title='bbox 158 3382 350 3467; x_wconf 83' lang='lat' dir='ltr'><strong>incapabilis,</strong></span> <span class='ocrx_word' id='word_1_217' title='bbox 363 3391 398 3446; x_wconf 93' lang='lat' dir='ltr'><strong>et</strong></span> <span class='ocrx_word' id='word_1_218' title='bbox 413 3380 734 3467; x_wconf 86' lang='lat' dir='ltr'><strong>incomprehensibilia</strong></span> <span class='ocrx_word' id='word_1_219' title='bbox 749 3381 789 3445; x_wconf 90' lang='lat' dir='ltr'><strong>ad</strong></span> <span class='ocrx_word' id='word_1_220' title='bbox 808 3378 987 3444; x_wconf 85' lang='lat' dir='ltr'><strong>videndum.</strong></span> <span class='ocrx_word' id='word_1_221' title='bbox 1017 3380 1184 3447; x_wconf 81' lang='lat' dir='ltr'><strong>Conticuit</strong></span> <span class='ocrx_word' id='word_1_222' title='bbox 1200 3389 1309 3447; x_wconf 88' lang='lat' dir='ltr'><strong>autem</strong></span> 
     </span>
     <span class='ocr_line' id='line_1_28' title="bbox 157 3479 1310 3569; baseline 0 -23"><span class='ocrx_word' id='word_1_223' title='bbox 157 3502 231 3546; x_wconf 92' lang='lat' dir='ltr'><strong>eum</strong></span> <span class='ocrx_word' id='word_1_224' title='bbox 255 3482 329 3569; x_wconf 91' lang='lat' dir='ltr'><strong>Sige</strong></span> <span class='ocrx_word' id='word_1_225' title='bbox 356 3482 520 3546; x_wconf 85' lang='lat' dir='ltr'><strong>voluntate</strong></span> <span class='ocrx_word' id='word_1_226' title='bbox 546 3481 661 3560; x_wconf 89' lang='lat' dir='ltr'><strong>Patris,</strong></span> <span class='ocrx_word' id='word_1_227' title='bbox 680 3480 828 3566; x_wconf 91' lang='lat' dir='ltr'><strong>quoniam</strong></span> <span class='ocrx_word' id='word_1_228' title='bbox 846 3479 940 3545; x_wconf 91' lang='lat' dir='ltr'><strong>vellet</strong></span> <span class='ocrx_word' id='word_1_229' title='bbox 961 3502 1070 3544; x_wconf 86' lang='lat' dir='ltr'><strong>omnes</strong></span> <span class='ocrx_word' id='word_1_230' title='bbox 1092 3482 1149 3544; x_wconf 88' lang='lat' dir='ltr'><strong>hos</strong></span> <span class='ocrx_word' id='word_1_231' title='bbox 1170 3480 1201 3545; x_wconf 92' lang='lat' dir='ltr'><strong>in</strong></span> <span class='ocrx_word' id='word_1_232' title='bbox 1217 3480 1310 3546; x_wconf 90' lang='lat' dir='ltr'><strong>intel-</strong></span> 
     </span>
     <span class='ocr_line' id='line_1_29' title="bbox 157 3578 1310 3667; baseline 0.001 -22"><span class='ocrx_word' id='word_1_233' title='bbox 157 3580 276 3646; x_wconf 90' lang='lat' dir='ltr'><strong>lectum</strong></span> <span class='ocrx_word' id='word_1_234' title='bbox 309 3590 343 3646; x_wconf 85' lang='lat' dir='ltr'><strong>et</strong></span> <span class='ocrx_word' id='word_1_235' title='bbox 376 3580 566 3647; x_wconf 89' lang='lat' dir='ltr'><strong>desiderium</strong></span> <span class='ocrx_word' id='word_1_236' title='bbox 596 3579 813 3667; x_wconf 87' lang='lat' dir='ltr'><strong>exquisitionis</strong></span> <span class='ocrx_word' id='word_1_237' title='bbox 836 3578 945 3645; x_wconf 89' lang='lat' dir='ltr'><strong>Patris</strong></span> <span class='ocrx_word' id='word_1_238' title='bbox 970 3580 1018 3643; x_wconf 89' lang='lat' dir='ltr'><strong>sui</strong></span> <span class='ocrx_word' id='word_1_239' title='bbox 1043 3581 1209 3646; x_wconf 88' lang='lat' dir='ltr'><strong>adducere.</strong></span> <span class='ocrx_word' id='word_1_240' title='bbox 1263 3582 1310 3646; x_wconf 89' lang='lat' dir='ltr'><strong>Et</strong></span> 
     </span>
     <span class='ocr_line' id='line_1_30' title="bbox 157 3679 1311 3767; baseline 0.003 -22"><span class='ocrx_word' id='word_1_241' title='bbox 157 3680 270 3766; x_wconf 89' lang='lat' dir='ltr'><strong>reliqui</strong></span> <span class='ocrx_word' id='word_1_242' title='bbox 288 3682 414 3767; x_wconf 88' lang='lat' dir='ltr'><strong>quidem</strong></span> <span class='ocrx_word' id='word_1_243' title='bbox 435 3682 555 3745; x_wconf 86' lang='lat' dir='ltr'><strong>AEoues</strong></span> <span class='ocrx_word' id='word_1_244' title='bbox 576 3702 684 3745; x_wconf 90' lang='lat' dir='ltr'><strong>omnee</strong></span> <span class='ocrx_word' id='word_1_245' title='bbox 705 3679 804 3745; x_wconf 86' lang='lat' dir='ltr'><strong>tacite</strong></span> <span class='ocrx_word' id='word_1_246' title='bbox 830 3680 1063 3764; x_wconf 89' lang='lat' dir='ltr'><strong>quodammodo</strong></span> <span class='ocrx_word' id='word_1_247' title='bbox 1086 3679 1311 3748; x_wconf 83' lang='lat' dir='ltr'><strong>desiderabant</strong></span> 
     </span>
     <span class='ocr_line' id='line_1_31' title="bbox 158 3779 1311 3865; baseline 0.003 -22"><span class='ocrx_word' id='word_1_248' title='bbox 158 3780 352 3865; x_wconf 89' lang='lat' dir='ltr'><strong>prolatorem</strong></span> <span class='ocrx_word' id='word_1_249' title='bbox 368 3780 495 3845; x_wconf 87' lang='lat' dir='ltr'><strong>seminis</strong></span> <span class='ocrx_word' id='word_1_250' title='bbox 506 3780 554 3843; x_wconf 90' lang='lat' dir='ltr'><strong>eui</strong></span> <span class='ocrx_word' id='word_1_251' title='bbox 567 3779 682 3855; x_wconf 87' lang='lat' dir='ltr'><strong>videre,</strong></span> <span class='ocrx_word' id='word_1_252' title='bbox 695 3786 728 3843; x_wconf 86' lang='lat' dir='ltr'><strong>st</strong></span> <span class='ocrx_word' id='word_1_253' title='bbox 740 3801 821 3853; x_wconf 90' lang='lat' dir='ltr'><strong>eam,</strong></span> <span class='ocrx_word' id='word_1_254' title='bbox 834 3802 904 3864; x_wconf 86' lang='lat' dir='ltr'><strong>quae</strong></span> <span class='ocrx_word' id='word_1_255' title='bbox 916 3780 983 3844; x_wconf 88' lang='lat' dir='ltr'><strong>sine</strong></span> <span class='ocrx_word' id='word_1_256' title='bbox 995 3779 1086 3845; x_wconf 89' lang='lat' dir='ltr'><strong>initio</strong></span> <span class='ocrx_word' id='word_1_257' title='bbox 1099 3788 1159 3861; x_wconf 90' lang='lat' dir='ltr'><strong>est,</strong></span> <span class='ocrx_word' id='word_1_258' title='bbox 1171 3783 1311 3849; x_wconf 87' lang='lat' dir='ltr'><strong>radicem</strong></span> 
     </span>
     <span class='ocr_line' id='line_1_32' title="bbox 157 3878 1311 3965; baseline 0.001 -20"><span class='ocrx_word' id='word_1_259' title='bbox 157 3880 375 3965; x_wconf 86' lang='lat' dir='ltr'><strong>contemplari.</strong></span> <span class='ocrx_word' id='word_1_260' title='bbox 423 3878 573 3945; x_wconf 86' lang='lat' dir='ltr'><strong>Praesiliit</strong></span> <span class='ocrx_word' id='word_1_261' title='bbox 590 3886 698 3945; x_wconf 88' lang='lat' dir='ltr'><strong>autem</strong></span> <span class='ocrx_word' id='word_1_262' title='bbox 715 3878 806 3944; x_wconf 88' lang='lat' dir='ltr'><strong>valde</strong></span> <span class='ocrx_word' id='word_1_263' title='bbox 829 3879 960 3944; x_wconf 89' lang='lat' dir='ltr'><strong>ultimus</strong></span> <span class='ocrx_word' id='word_1_264' title='bbox 979 3888 1014 3945; x_wconf 87' lang='lat' dir='ltr'><strong>et</strong></span> <span class='ocrx_word' id='word_1_265' title='bbox 1035 3880 1145 3965; x_wconf 91' lang='lat' dir='ltr'><strong>junior</strong></span> <span class='ocrx_word' id='word_1_266' title='bbox 1167 3882 1208 3945; x_wconf 91' lang='lat' dir='ltr'><strong>de</strong></span> <span class='ocrx_word' id='word_1_267' title='bbox 1234 3883 1311 3946; x_wconf 89' lang='lat' dir='ltr'><strong>duo·</strong></span> 
     </span>
    </p>
   </div>
   <div class='ocr_carea' id='block_1_7' title="bbox 156 4064 1312 4701">
    <p class='ocr_par' dir='ltr' id='par_1_9' title="bbox 156 4064 1312 4701">
     <span class='ocr_line' id='line_1_33' title="bbox 206 4064 1312 4130; baseline 0.002 -17"><span class='ocrx_word' id='word_1_268' title='bbox 206 4064 307 4114; x_wconf 68' lang='grc' dir='ltr'><strong>ι(λιιιττ.</strong></span> <span class='ocrx_word' id='word_1_269' title='bbox 317 4064 706 4130; x_wconf 63' lang='grc' dir='ltr'>Αιιιι.ἱυυλε1)ἰάαεο,ον.ἓτ9,</span> <span class='ocrx_word' id='word_1_270' title='bbox 758 4064 885 4128; x_wconf 86' lang='lat' dir='ltr'><strong>depended</strong></span> <span class='ocrx_word' id='word_1_271' title='bbox 904 4080 955 4113; x_wconf 82' lang='lat' dir='ltr'><strong>was</strong></span> <span class='ocrx_word' id='word_1_272' title='bbox 975 4064 1038 4115; x_wconf 68' lang='lat' dir='ltr'><strong>‘nn’</strong></span> <span class='ocrx_word' id='word_1_273' title='bbox 1060 4066 1258 4128; x_wconf 69' lang='lat' dir='ltr'><strong>furdomum,</strong></span> <span class='ocrx_word' id='word_1_274' title='bbox 1283 4082 1312 4115; x_wconf 85' lang='lat' dir='ltr'><strong>or</strong></span> 
     </span>
     <span class='ocr_line' id='line_1_34' title="bbox 158 4145 915 4210; baseline -0.003 0"><span class='ocrx_word' id='word_1_275' title='bbox 158 4160 214 4210; x_wconf 61' lang='grc' dir='ltr'><strong>ΙΨ</strong></span> <span class='ocrx_word' id='word_1_276' title='bbox 231 4146 260 4194; x_wconf 68' lang='lat' dir='ltr'><strong>of</strong></span> <span class='ocrx_word' id='word_1_277' title='bbox 274 4146 339 4210; x_wconf 81' lang='lat' dir='ltr'><strong>Sige,</strong></span> <span class='ocrx_word' id='word_1_278' title='bbox 360 4148 432 4207; x_wconf 68' lang='lat' dir='ltr'><strong>Z‘&#39;l&#39;llr</strong></span> <span class='ocrx_word' id='word_1_279' title='bbox 453 4148 534 4208; x_wconf 54' lang='lat' dir='ltr'><strong>limo</strong></span> <span class='ocrx_word' id='word_1_280' title='bbox 552 4147 632 4209; x_wconf 65' lang='grc' dir='ltr'>μήτηρ</span> <span class='ocrx_word' id='word_1_281' title='bbox 649 4148 709 4196; x_wconf 61' lang='grc' dir='ltr'><strong>οὖσα</strong></span> <span class='ocrx_word' id='word_1_282' title='bbox 759 4145 817 4208; x_wconf 50' lang='grc' dir='ltr'><strong>Ἤρ,</strong></span> <span class='ocrx_word' id='word_1_283' title='bbox 832 4145 915 4195; x_wconf 55' lang='lat' dir='ltr'><strong>mdlx·</strong></span> 
     </span>
     <span class='ocr_line' id='line_1_35' title="bbox 159 4226 1311 4292; baseline 0.002 -17"><span class='ocrx_word' id='word_1_284' title='bbox 159 4230 255 4277; x_wconf 74' lang='grc' dir='ltr'>πάντων</span> <span class='ocrx_word' id='word_1_285' title='bbox 273 4231 322 4277; x_wconf 81' lang='grc' dir='ltr'><strong>τῶν</strong></span> <span class='ocrx_word' id='word_1_286' title='bbox 337 4229 521 4291; x_wconf 75' lang='grc' dir='ltr'>ι’ντοβληθέντων</span> <span class='ocrx_word' id='word_1_287' title='bbox 540 4229 585 4277; x_wconf 80' lang='grc' dir='ltr'><strong>ὑπὸ</strong></span> <span class='ocrx_word' id='word_1_288' title='bbox 602 4231 646 4277; x_wconf 79' lang='grc' dir='ltr'><strong>τοῦ</strong></span> <span class='ocrx_word' id='word_1_289' title='bbox 664 4229 708 4291; x_wconf 73' lang='grc' dir='ltr'><strong>βό·</strong></span> <span class='ocrx_word' id='word_1_290' title='bbox 809 4227 821 4259; x_wconf 81' lang='lat'>⁸</span> <span class='ocrx_word' id='word_1_291' title='bbox 850 4227 908 4286; x_wconf 71' lang='grc' dir='ltr'><strong>θνα</strong></span> <span class='ocrx_word' id='word_1_292' title='bbox 924 4227 1042 4277; x_wconf 75' lang='lat' dir='ltr'><strong>dictentur</strong></span> <span class='ocrx_word' id='word_1_293' title='bbox 1056 4228 1085 4277; x_wconf 84' lang='grc' dir='ltr'><strong>ιἰι</strong></span> <span class='ocrx_word' id='word_1_294' title='bbox 1097 4226 1237 4292; x_wconf 53' lang='lat' dir='ltr'><strong>acrium]</strong></span> <span class='ocrx_word' id='word_1_295' title='bbox 1260 4228 1311 4277; x_wconf 86' lang='lat' dir='ltr'><strong>Hic</strong></span> 
     </span>
     <span class='ocr_line' id='line_1_36' title="bbox 158 4308 1310 4371; baseline 0.001 -15"><span class='ocrx_word' id='word_1_296' title='bbox 158 4310 211 4357; x_wconf 81' lang='grc' dir='ltr'>θους</span> <span class='ocrx_word' id='word_1_297' title='bbox 223 4309 335 4371; x_wconf 59' lang='lat' dir='ltr'><strong>(tutona),</strong></span> <span class='ocrx_word' id='word_1_298' title='bbox 349 4310 468 4368; x_wconf 76' lang='grc' dir='ltr'>ὁμὲνούιι</span> <span class='ocrx_word' id='word_1_299' title='bbox 480 4312 551 4371; x_wconf 76' lang='grc' dir='ltr'>ἔσχεν</span> <span class='ocrx_word' id='word_1_300' title='bbox 567 4310 641 4357; x_wconf 78' lang='grc' dir='ltr'>εἰπεῖν</span> <span class='ocrx_word' id='word_1_301' title='bbox 655 4310 710 4371; x_wconf 74' lang='grc' dir='ltr'>περὶ</span> <span class='ocrx_word' id='word_1_302' title='bbox 760 4310 895 4359; x_wconf 72' lang='lat' dir='ltr'><strong>inserendae</strong></span> <span class='ocrx_word' id='word_1_303' title='bbox 916 4308 973 4359; x_wconf 76' lang='lat' dir='ltr'><strong>duae</strong></span> <span class='ocrx_word' id='word_1_304' title='bbox 994 4326 1081 4359; x_wconf 84' lang='lat' dir='ltr'><strong>voces:</strong></span> <span class='ocrx_word' id='word_1_305' title='bbox 1100 4310 1128 4357; x_wconf 82' lang='grc' dir='ltr'><strong>ιἰι</strong></span> <span class='ocrx_word' id='word_1_306' title='bbox 1148 4309 1310 4369; x_wconf 70' lang='lat' dir='ltr'><strong>multitudine,</strong></span> 
     </span>
     <span class='ocr_line' id='line_1_37' title="bbox 156 4390 1311 4455; baseline 0.002 -18"><span class='ocrx_word' id='word_1_307' title='bbox 156 4390 201 4437; x_wconf 82' lang='grc' dir='ltr'><strong>τοῦ</strong></span> <span class='ocrx_word' id='word_1_308' title='bbox 218 4392 319 4452; x_wconf 71' lang='grc' dir='ltr'>ἀρρήτου</span> <span class='ocrx_word' id='word_1_309' title='bbox 335 4392 471 4451; x_wconf 74' lang='grc' dir='ltr'>σεσίγηκεν·</span> <span class='ocrx_word' id='word_1_310' title='bbox 493 4390 548 4439; x_wconf 75' lang='grc' dir='ltr'><strong>ὅδὲ</strong></span> <span class='ocrx_word' id='word_1_311' title='bbox 564 4391 706 4452; x_wconf 77' lang='grc' dir='ltr'>κατέλαβεν,</span> <span class='ocrx_word' id='word_1_312' title='bbox 760 4390 842 4455; x_wconf 79' lang='lat' dir='ltr'><strong>(juxta</strong></span> <span class='ocrx_word' id='word_1_313' title='bbox 861 4391 948 4439; x_wconf 74' lang='lat' dir='ltr'><strong>Graeca</strong></span> <span class='ocrx_word' id='word_1_314' title='bbox 967 4393 992 4440; x_wconf 77' lang='grc' dir='ltr'><strong>ἐν</strong></span> <span class='ocrx_word' id='word_1_315' title='bbox 1013 4390 1110 4453; x_wconf 75' lang='grc' dir='ltr'>πλήθει)</span> <span class='ocrx_word' id='word_1_316' title='bbox 1129 4406 1174 4453; x_wconf 91' lang='lat' dir='ltr'><strong>per</strong></span> <span class='ocrx_word' id='word_1_317' title='bbox 1191 4390 1311 4439; x_wconf 66' lang='lat' dir='ltr'><strong>incuriam</strong></span> 
     </span>
     <span class='ocr_line' id='line_1_38' title="bbox 158 4471 1310 4535; baseline 0 -16"><span class='ocrx_word' id='word_1_318' title='bbox 158 4472 230 4521; x_wconf 63' lang='grc' dir='ltr'>τοῦτο</span> <span class='ocrx_word' id='word_1_319' title='bbox 242 4474 416 4532; x_wconf 73' lang='grc' dir='ltr'>ἀκατάληπτον</span> <span class='ocrx_word' id='word_1_320' title='bbox 427 4474 626 4535; x_wconf 78' lang='grc' dir='ltr'>προσηγόρευσεν.</span> <span class='ocrx_word' id='word_1_321' title='bbox 759 4472 846 4520; x_wconf 75' lang='lat' dir='ltr'><strong>scribe</strong></span> <span class='ocrx_word' id='word_1_322' title='bbox 867 4471 931 4519; x_wconf 77' lang='lat' dir='ltr'><strong>forte</strong></span> <span class='ocrx_word' id='word_1_323' title='bbox 953 4472 986 4519; x_wconf 91' lang='lat' dir='ltr'><strong>ob</strong></span> <span class='ocrx_word' id='word_1_324' title='bbox 1004 4476 1171 4519; x_wconf 80' lang='lat' dir='ltr'><strong>recurrentem</strong></span> <span class='ocrx_word' id='word_1_325' title='bbox 1193 4472 1310 4535; x_wconf 75' lang='lat' dir='ltr'><strong>praeposi·</strong></span> 
     </span>
     <span class='ocr_line' id='line_1_39' title="bbox 207 4551 1139 4603; baseline 0 -2"><span class='ocrx_word' id='word_1_326' title='bbox 207 4551 266 4602; x_wconf 69' lang='lat' dir='ltr'><strong>&#39;In</strong></span> <span class='ocrx_word' id='word_1_327' title='bbox 285 4554 327 4602; x_wconf 88' lang='lat' dir='ltr'><strong>the</strong></span> <span class='ocrx_word' id='word_1_328' title='bbox 347 4554 497 4603; x_wconf 84' lang='lat' dir='ltr'><strong>Oabbalistie</strong></span> <span class='ocrx_word' id='word_1_329' title='bbox 514 4554 611 4603; x_wconf 87' lang='lat' dir='ltr'><strong>scheme</strong></span> <span class='ocrx_word' id='word_1_330' title='bbox 626 4553 655 4601; x_wconf 83' lang='lat' dir='ltr'><strong>ol</strong></span> <span class='ocrx_word' id='word_1_331' title='bbox 669 4554 708 4602; x_wconf 78' lang='lat' dir='ltr'><strong>Se·</strong></span> <span class='ocrx_word' id='word_1_332' title='bbox 761 4554 854 4603; x_wconf 87' lang='lat' dir='ltr'><strong>tionem</strong></span> <span class='ocrx_word' id='word_1_333' title='bbox 864 4552 893 4601; x_wconf 78' lang='lat' dir='ltr'><strong>in</strong></span> <span class='ocrx_word' id='word_1_334' title='bbox 903 4553 1006 4603; x_wconf 84' lang='lat' dir='ltr'><strong>omissae.</strong></span> <span class='ocrx_word' id='word_1_335' title='bbox 1036 4552 1139 4601; x_wconf 67' lang='lat' dir='ltr'><strong>Galea.</strong></span> 
     </span>
     <span class='ocr_line' id='line_1_40' title="bbox 156 4632 1312 4701; baseline 0.002 -19"><span class='ocrx_word' id='word_1_336' title='bbox 156 4632 255 4695; x_wconf 68' lang='lat' dir='ltr'><strong>pleat</strong></span> <span class='ocrx_word' id='word_1_337' title='bbox 269 4635 326 4685; x_wconf 82' lang='lat' dir='ltr'><strong>that</strong></span> <span class='ocrx_word' id='word_1_338' title='bbox 340 4651 408 4701; x_wconf 86' lang='lat' dir='ltr'><strong>upon</strong></span> <span class='ocrx_word' id='word_1_339' title='bbox 419 4636 499 4685; x_wconf 87' lang='lat' dir='ltr'><strong>which</strong></span> <span class='ocrx_word' id='word_1_340' title='bbox 510 4635 608 4685; x_wconf 80' lang='lat' dir='ltr'><strong>created</strong></span> <span class='ocrx_word' id='word_1_341' title='bbox 623 4640 711 4683; x_wconf 83' lang='lat' dir='ltr'><strong>nature</strong></span> <span class='ocrx_word' id='word_1_342' title='bbox 794 4634 804 4665; x_wconf 90' lang='lat'><strong>⁴</strong></span> <span class='ocrx_word' id='word_1_343' title='bbox 822 4635 863 4683; x_wconf 78' lang='lat' dir='ltr'><strong>Ilo</strong></span> <span class='ocrx_word' id='word_1_344' title='bbox 883 4635 940 4684; x_wconf 83' lang='lat' dir='ltr'><strong>Cod.</strong></span> <span class='ocrx_word' id='word_1_345' title='bbox 953 4635 1061 4696; x_wconf 68' lang='lat' dir='ltr'><strong>dread,</strong></span> <span class='ocrx_word' id='word_1_346' title='bbox 1077 4651 1134 4698; x_wconf 80' lang='lat' dir='ltr'><strong>says</strong></span> <span class='ocrx_word' id='word_1_347' title='bbox 1150 4635 1252 4695; x_wconf 76' lang='lat' dir='ltr'><strong>Gener,</strong></span> <span class='ocrx_word' id='word_1_348' title='bbox 1266 4636 1312 4684; x_wconf 91' lang='lat' dir='ltr'><strong>but</strong></span> 
     </span>
    </p>
   </div>
   <div class='ocr_carea' id='block_1_8' title="bbox 0 0 1621 5184">
    <p class='ocr_par' dir='ltr' id='par_1_10' title="bbox 0 0 1621 5184">
     <span class='ocr_line' id='line_1_41' title="bbox 0 0 1621 5184; baseline 0 0"><span class='ocrx_word' id='word_1_349' title='bbox 0 0 1621 5184; x_wconf 95' lang='lat' dir='ltr'><strong> </strong></span> 
     </span>
    </p>
   </div>
  </div>
 </body>
</html>
