3225 5184
509 398 792 457 uu1vnnsonuu
818 402 953 457 russo.
1234 386 1302 459 267

144 553 177 619 in
200 552 386 642 quibusdam
405 552 530 640 quidem
550 552 784 623 similitudinem
804 576 955 631 masse,
977 554 1011 621 in
1032 554 1217 643 qmbusdam
1230 577 1302 623 vero
1315 578 1466 621 marnes

144 658 329 745 depravasse
348 656 519 744 imaginem
538 656 759 737 similitudinis,
777 678 848 745 quoe
871 657 905 723 in
924 657 984 724 boc
1002 656 1046 725 sit
1064 658 1189 739 emissa,
1204 667 1240 725 nt
1259 659 1304 725 sit
1330 626 1461 759 ῗίξῗξῖἷι

144 761 316 827 secundum
337 760 572 826 similitudinem
594 762 673 848 ejus,
698 782 768 848 quae
797 782 922 827 sursum
947 768 998 827 est
1024 760 1161 827 emissio.
1210 762 1303 844 Quod
1318 747 1468 809 --⁰—

144 866 250 930 mnon
268 874 319 931 est
337 864 458 941 similis,
476 864 645 931 Salvatoris
664 865 725 931 erit
745 864 909 945 inclinatio,
923 865 977 953 qui
996 865 1180 932 dissimilem
1198 865 1303 933 omisit

145 968 323 1057 imaginem,
345 969 435 1055 qnasi
456 967 658 1055 reprobabilis
678 968 802 1035 artifex.
848 968 918 1035 Nec
933 968 1018 1035 enim
1034 968 1138 1036 dicere
1158 980 1301 1056 possunt,

145 1073 235 1158 quasi
256 1094 321 1138 non
337 1072 467 1137 haberet
487 1077 676 1157 potestatem
697 1070 873 1137 emissionis
899 1071 1051 1151 Salvator,
1072 1093 1167 1159 quem
1188 1074 1302 1141 Omnia

145 1196 215 1241 esse
236 1176 354 1243 dicunt.
400 1175 435 1239 Si
456 1174 553 1262 igitur
571 1173 729 1239 dissimilis
750 1180 800 1240 est
817 1173 932 1260 imago,
947 1174 1047 1239 malus
1061 1182 1111 1241 est
1129 1176 1252 1256 artifex,
1266 1186 1301 1245 et

145 1286 195 1345 est
208 1278 300 1365 culpa
315 1278 485 1345 sdvatoris
499 1277 669 1343 meandum
687 1298 752 1344 eos.
799 1277 834 1343 Si
857 1285 964 1343 autem
985 1277 1096 1343 similis
1114 1287 1173 1357 eet,
1189 1281 1299 1347 mem

144 1382 320 1469 ignorantia
345 1382 518 1449 invenietur
546 1381 630 1447 circa
658 1380 732 1445 Nun
763 1380 947 1465 Propatoris
974 1380 1122 1466 ipsorum,
1149 1382 1210 1449 hoc
1237 1393 1298 1462 est,

146 1487 364 1574 Monogenen:
388 1494 421 1551 et
442 1484 598 1571 ignoravit
618 1483 743 1571 quidem
761 1484 963 1570 semetipsum
982 1484 1051 1549 Nus
1071 1484 1188 1563 Patris,
1209 1486 1298 1573 igno·

142 1586 222 1651 ravit
233 1593 340 1651 autem
353 1592 386 1650 et
401 1584 540 1662 Patrem,
551 1582 704 1669 ignoravit
717 1590 824 1649 autem
835 1589 869 1649 et
879 1604 917 1649 aa
929 1604 998 1670 quae
1012 1584 1054 1649 ab
1065 1604 1104 1649 eo
1117 1584 1201 1650 iacta
1210 1593 1295 1654 sunt.

144 1688 179 1753 Si
200 1696 306 1755 autem
323 1686 484 1774 cognoscit
498 1685 560 1763 ille,
575 1693 608 1751 et
624 1706 707 1765 eum,
723 1685 777 1773 qui
798 1686 841 1751 ad
862 1685 1096 1751 similitudinem
1113 1686 1181 1772 ejus
1195 1688 1298 1757 iactus

142 1798 192 1857 est
210 1813 231 1855 a
251 1791 421 1868 Salvatore,
437 1810 563 1855 necesse
584 1796 633 1854 est
653 1810 841 1877 cognoscere
861 1811 933 1876 quoe
949 1795 1025 1855 sunt
1043 1788 1176 1857 similia·
1200 1799 1233 1858 et
1246 1814 1297 1859 so

143 1894 209 1960 luta
219 1901 269 1960 est
282 1892 420 1980 ipsorum
433 1892 603 1959 secundum
618 1914 708 1959 stram
721 1892 861 1980 regulam
875 1892 1013 1958 maxima
1026 1892 1229 1979 blasphemia.

626 2146 729 2214 OAP.
754 2146 817 2211 Vl.

145 2290 331 2383 Quonwdo
361 2289 399 2364 in
426 2289 643 2365 immensum
675 2284 811 2361 candit
840 2285 887 2363 dc
918 2285 1143 2387 imaginibus
1171 2317 1297 2369 eorum

648 2430 775 2481 emmo.

200 2560 228 2622 l.
275 2552 327 2619 Er
342 2554 410 2619 sine
424 2556 484 2619 hoc
499 2560 615 2630 autem,
627 2573 764 2636 quonam
777 2551 871 2616 modo
888 2573 927 2616 ea
941 2574 1010 2639 quae
1027 2561 1101 2619 sunt
1116 2558 1293 2639 ¹creaturse,

139 2659 186 2724 sic
207 2658 312 2723 ²veria
331 2666 364 2723 et
385 2656 494 2734 multe,
515 2664 549 2721 et
570 2654 818 2731 innumerabilia,
840 2675 948 2718 eorum
966 2656 1105 2720 AEonum
1128 2659 1200 2745 ⁸qni
1220 2670 1295 2727 sunt

139 2760 223 2826 intra
237 2759 382 2826 Pleroma
396 2781 461 2823 xxx
475 2758 628 2845 imagines
642 2778 711 2821 esse
726 2764 868 2842 possunt,
883 2778 1014 2842 quorum
1028 2765 1061 2823 et
1075 2760 1202 2825 nomina
1225 2785 1295 2849 quae

139 2864 213 2944 sint,
228 2862 399 2929 secundum
414 2860 497 2950 quod
508 2861 626 2939 dicunt,
639 2858 780 2946 incoqui
792 2867 925 2924 estante
936 2859 1018 2925 hunc
1030 2860 1108 2926 libro
1119 2865 1296 2949 posuimus!

141 2968 186 3033 Et
211 2989 274 3032 non
300 2973 423 3031 tantum
448 2966 599 3029 universae
625 2969 776 3028 creaturae
803 2961 996 3041 vadetatem,
1019 2964 1075 3029 sed
1100 2988 1141 3031 ne
1169 2969 1295 3055 quidem

139 3072 238 3156 partis
252 3069 383 3156 alicujus
396 3076 452 3133 ant
463 3066 647 3144 coelestium,
662 3073 719 3130 aut
732 3066 1029 3150 superterrestrinm,
1042 3076 1098 3133 aut
1111 3072 1295 3156 aquatilium

139 3180 286 3260 poterunt
302 3173 452 3258 adaptare
467 3168 655 3235 Pleromatis
676 3168 814 3255 ipsorum
835 3169 993 3253 parvitati.
1039 3171 1193 3252 Quoniam
1211 3177 1295 3241 enim

141 3277 286 3343 Pleroma
300 3276 437 3363 ipsorum
453 3296 521 3338 xxx
536 3274 662 3337 AEones
675 3279 759 3349 sunt,
769 3271 829 3358 ipsi
839 3278 1011 3337 testantur:
1029 3275 1175 3361 quoniam
1188 3286 1295 3343 autem

139 3380 172 3445 in
191 3402 254 3446 una
274 3387 363 3466 parte
384 3378 522 3465 ipsorum
542 3397 612 3464 quae
626 3375 810 3452 dictasunt,
831 3396 896 3439 non
912 3398 986 3438 xxx
1003 3377 1060 3441 sed
1081 3378 1180 3443 multa
1197 3381 1295 3448 millia

138 3484 311 3571 specierum
328 3504 398 3549 esse
414 3486 631 3558 annumerant,
647 3499 702 3543 eos
721 3477 887 3542 ostendere
907 3478 1010 3543 omnis
1027 3479 1203 3567 quicunque
1220 3505 1293 3549 con-

138 3587 288 3652 fitebitur.
323 3583 487 3669 Quomodo
501 3582 596 3671 igitur
610 3603 657 3661 ea,
673 3602 744 3669 quse
758 3588 825 3645 tarn
842 3579 950 3645 multae
963 3590 1038 3647 sunt
1060 3583 1247 3651 conditionis
1260 3596 1294 3654 et

41 3707 69 3745 n.
81 3708 120 3745 ne.
139 3689 301 3755 contrariis
314 3686 524 3765 subsistentia,
541 3693 575 3752 et
585 3684 791 3773 repugnantia
801 3683 944 3763 induem,
957 3692 989 3749 et
1001 3685 1219 3754 interficientia
1232 3691 1294 3757 alia

137 3792 209 3872 alia,
219 3792 372 3879 imagines
380 3800 413 3857 et
421 3788 1290 3874 similitudinesessepossuntxxxAEonum⁴Pleromati3

138 3894 290 3983 siquidem
305 3894 396 3960 unius
409 3900 539 3972 naturae,
556 3890 817 3979 quemadmodum
832 3889 950 3968 dicunt,
966 3912 1007 3955 ex
1024 3892 1137 3979 aquali
1151 3902 1184 3959 et
1198 3894 1292 3960 simili

138 3999 302 4077 exsistant,
321 4005 353 4063 et
372 3996 489 4062 nullam
510 3996 646 4061 habeant
668 3993 897 4059 differentiani
933 3993 1107 4080 Oportebat
1124 4004 1241 4075 autem,
1264 3998 1292 4064 si

137 4101 206 4167 baec
216 4100 337 4167 illorum
346 4099 499 4187 imagines
508 4104 593 4176 sunt,
605 4094 866 4183 quemadmodum
874 4101 987 4161 natura
1000 4117 1135 4182 nequam
1150 4098 1292 4166 homines

186 4279 417 4340 lrirtjmtnem,
740 4274 1292 4329 wouldnarerhavedaniedtbattbetsrmoo·

185 4354 496 4424 'ematheMSSlagres
504 4359 531 4407 in
537 4356 642 4420 reading
648 4371 689 4404 oa·
739 4374 787 4409 cuo
793 4358 873 4407 found
879 4374 913 4407 no
919 4361 1081 4421 wuntorpsrt
1088 4357 1115 4407 in
1121 4360 1164 4411 the
1172 4360 1290 4425 pleroma.

135 4442 694 4503 cuu,thserrurthereforemurthaveboenoi
788 4441 927 4505 'Onnu.,
940 4444 1049 4493 Aruns.
1070 4442 1122 4491 and
1132 4442 1213 4493 Voss
1229 4444 1293 4494 bave

135 4523 177 4573 old
183 4525 315 4590 standum
326 4525 366 4575 for
375 4525 397 4575 it
407 4525 428 4575 is
438 4524 539 4574 sridsnt
550 4523 606 4573 that
617 4524 690 4575 caric
739 4541 798 4590 pum,
811 4526 943 4591 rendering
953 4526 1021 4576 AEon
1032 4526 1058 4575 in
1071 4526 1115 4575 tba
1127 4525 1252 4577 feminine.

135 4608 199 4657 suin
217 4609 260 4659 the
277 4612 380 4659 context
397 4608 465 4670 bert;
481 4606 530 4656 and
542 4607 584 4657 ths
599 4606 690 4655 author
787 4609 799 4641 ⁴
815 4610 832 4660 l.
845 4610 998 4661 Pacuuii.
