3225 5184
536 426 612 479 nso
638 427 910 482 ssssnvnnna.
1234 411 1301 482 3⁵7

139 579 368 668 transgressori
392 585 477 658 sunt,
502 581 689 667 praeparavit
710 582 751 648 ab
777 581 888 647 initio:
916 581 1015 667 ipsam
1040 590 1147 648 autem
1173 602 1301 647 eausam
1343 603 1396 688 u3
1410 604 1439 644 n

141 689 264 746 naturae
294 681 599 769 transgredientium,
632 705 733 768 nsque
769 682 930 770 Scriptura
960 684 1063 772 aliquo
1096 683 1213 763 retulit,
1242 706 1300 750 nec
1320 695 1461 781 (1818181818811

142 784 318 869 Apostolus
340 783 428 863 dixit,
444 807 503 851 nec
524 784 679 850 Dominus
700 786 817 851 docuit.
862 786 1030 853 Dimittere
1051 787 1157 874 itaque
1178 795 1302 874 oportet
1337 798 1388 827 ¹¹¹¹
1368 788 1437 832 ¹¹¹⁷·

141 887 336 974 agnitionem
358 887 440 954 hano
455 887 535 967 Deo,
551 888 814 974 quemadmodum
836 896 869 953 et
884 889 1041 955 Dominus
1058 890 1143 955 horae
1163 897 1196 955 et
1216 890 1298 964 diei;

141 1011 202 1054 nco
224 988 255 1054 in
276 996 399 1054 tantum
421 988 597 1076 periclitari,
617 989 663 1054 uti
680 989 750 1055 Deo
772 989 898 1075 quidem
920 993 1127 1058 concedamus
1144 992 1232 1070 nihil,
1249 996 1301 1056 ¹ct

142 1091 213 1156 haec
225 1113 265 1156 ex
275 1099 363 1178 parte
377 1091 566 1178 accipientes
576 1091 720 1179 gratiam.
746 1090 783 1155 ln
797 1114 835 1158 eo
849 1100 954 1159 antem
965 1117 1037 1158 cum
1048 1095 1216 1182 quaerimus
1229 1117 1300 1181 quoe

28 1212 58 1250 o.
70 1212 115 1255 uo
144 1203 220 1258 sunt
241 1215 334 1279 super
351 1214 418 1270 nos,
434 1202 467 1258 et
485 1193 518 1257 in
534 1216 604 1280 quae
623 1193 778 1280 attingere
796 1195 887 1258 nobis
906 1217 969 1259 non
984 1204 1043 1275 est,
1058 1197 1165 1262 necin
1178 1207 1301 1262 tantam

144 1296 309 1362 audaciam
332 1296 438 1363 venire
461 1296 507 1361 uti
532 1297 705 1382 pandamus
730 1296 835 1360 Deum
859 1305 893 1360 et
915 1319 985 1383 quae
1013 1299 1152 1363 nondum
1174 1299 1301 1365 inventa

145 1407 230 1476 sunt,
247 1399 336 1486 qussi
353 1400 420 1484 jam
442 1397 649 1466 invenerimus
669 1419 724 1484 per
747 1399 948 1492 emissionum
970 1401 1178 1487 vaniloquium
1197 1403 1300 1488 ipsum

125 1515 128 1520 '
145 1500 285 1565 omniurn
300 1502 450 1566 factorem
465 1500 581 1578 Deum,
601 1508 634 1565 et
656 1500 697 1564 de
716 1501 889 1566 delectione
908 1511 941 1567 et
956 1502 1132 1588 ignorantia
1148 1504 1300 1570 8errserere

145 1604 355 1671 substantiam
370 1604 525 1682 habuisse,
542 1612 574 1670 et
589 1603 634 1669 sic
649 1603 777 1690 impium
792 1605 941 1672 adversus
955 1606 1060 1671 Deum
1072 1607 1191 1693 fingere
1208 1629 1299 1694 argu-

146 1714 297 1772 mentum.
344 1707 424 1772 Post
442 1707 554 1772 deinde
574 1706 691 1770 nullum
706 1706 824 1772 hubent
837 1708 1051 1772 testimonium
1065 1709 1134 1794 ejus
1147 1710 1299 1796 figmenti,

147 1811 229 1896 quod
245 1832 352 1875 recens
366 1810 408 1876 ab
422 1810 468 1874 eis
481 1809 680 1876 adinventum
696 1818 754 1888 est,
767 1808 932 1896 aliquando
947 1811 1071 1896 quidem
1086 1834 1141 1898 per
1155 1835 1300 1878 numeros

146 1913 312 2000 quoslibet,
334 1912 499 2001 aliquando
522 1919 627 1978 autem
650 1934 705 1999 per
726 1912 870 1999 syllabas,
892 1936 1114 2001 nonnunquam
1135 1925 1240 1981 autem
1267 1928 1301 1982 et

146 2038 203 2101 per
228 2015 373 2082 nomina:
397 2023 446 2082 est
469 2023 575 2081 autem
601 2015 725 2102 quando
749 2024 782 2081 et
803 2038 859 2102 per
879 2037 934 2081 eas
956 2039 1027 2103 quae
1048 2016 1081 2081 in
1102 2017 1201 2082 literis
1226 2029 1301 2086 sunt

146 2118 263 2198 literas,
278 2119 445 2205 aliquando
459 2127 566 2184 autem
586 2128 619 2183 et
633 2139 689 2204 per
708 2118 872 2204 parabolas
892 2141 955 2183 non
969 2129 1054 2185 recte
1068 2122 1236 2200 exsolutos,
1251 2125 1300 2189 vel

146 2245 203 2310 per
223 2223 415 2309 suspiciones
434 2223 585 2310 quasdam
600 2222 784 2289 8consistere
802 2223 909 2289 conari
922 2245 993 2289 eam
1015 2225 1187 2292 fabulosam
1208 2249 1299 2293 enar-

145 2328 308 2404 rationem,
324 2349 393 2415 quoe
408 2326 451 2392 sit
464 2327 505 2390 ab
519 2326 565 2392 eis
579 2326 729 2394 effictitia.

211 2433 242 2496 3.
288 2430 416 2494 Etenim
431 2429 459 2494 si
474 2430 545 2515 quis
557 2429 700 2515 exquirat
715 2452 851 2509 causam,
866 2439 993 2517 propter
1006 2455 1099 2520 quam
1112 2434 1144 2498 in
1155 2436 1300 2501 omnibus

147 2531 245 2596 Pater
266 2531 499 2596 communicans
523 2531 615 2608 Filio,
638 2532 723 2596 solus
745 2532 825 2596 scire
842 2533 951 2596 horam
969 2543 1002 2599 et
1024 2536 1106 2600 diem
1127 2559 1147 2600 a
1162 2537 1300 2602 Domino

146 2633 365 2698 manifestatus
386 2641 444 2710 est,
465 2653 565 2719 neque
585 2632 753 2717 optabilem
767 2633 878 2722 magis,
893 2657 995 2719 neque
1009 2636 1227 2716 decentiorem,
1243 2661 1300 2705 neo

147 2737 214 2801 siue
228 2735 365 2823 periculo
379 2735 510 2800 alteram
534 2756 628 2820 quem
649 2735 730 2799 hauc
753 2735 889 2801 inveniat
911 2737 943 2800 in
965 2740 1122 2823 praesenti,
1137 2741 1300 2826 ⁴quoniam

147 2839 230 2904 enim
252 2837 337 2904 solus
358 2860 453 2904 verax
474 2838 625 2924 magister
642 2847 692 2902 est
710 2838 878 2919 Dominus,
893 2848 929 2905 ut
948 2841 1104 2907 discamus
1123 2867 1178 2930 per
1198 2845 1299 2931 ipsum

147 2962 240 3026 super
261 2941 367 3006 omnia
388 2961 457 3006 esse
479 2939 618 3004 Patrem.
664 2938 793 3006 Etenim
817 2941 945 3020 ⁶Patcr‚
971 2943 1028 3020 ait,
1053 2945 1153 3030 major
1176 2969 1223 3012 mc
1248 2960 1299 3016 oct.
1314 2973 1453 3013 sonares.

68 3097 72 3104 .
106 3093 122 3106 ..
148 3043 192 3109 Et
216 3043 387 3110 secundum
412 3042 604 3129 agnitionem
629 3041 735 3126 itaque
759 3044 946 3129 praepositus
972 3067 1042 3110 esse
1062 3047 1160 3113 Pater
1181 3071 1301 3116 annun-

146 3145 246 3210 tiatus
267 3153 316 3210 est
338 3166 358 3210 a
380 3143 517 3209 Domino
543 3151 651 3209 nostro
673 3144 714 3207 ed
739 3144 811 3222 hoc,
838 3154 874 3209 ut
898 3153 931 3210 et
957 3168 1025 3226 nos,
1047 3148 1081 3211 in
1103 3153 1300 3236 quantumin

147 3249 262 3336 6ligure
277 3248 371 3334 hujus
385 3246 493 3312 mundi
508 3267 625 3324 sumus,
641 3247 813 3333 perlectam
827 3248 991 3313 scientiam
1010 3259 1043 3315 et
1056 3252 1136 3317 tales
1155 3256 1300 3339 quaestio

147 3375 204 3418 nes
219 3353 426 3417 concedamus
448 3350 537 3414 Deo:
562 3359 594 3415 et
615 3350 753 3416 neforto
775 3359 951 3436 quaerentes
973 3352 1168 3420 altitudinem
1196 3357 1302 3424 Patris

147 3454 344 3542 investigare,
371 3455 403 3519 in
426 3461 549 3518 tantum
569 3453 740 3540 periculum
763 3453 947 3533 incidamus,
977 3457 1023 3520 uti
1049 3480 1235 3544 quaeramus,
1260 3485 1301 3526 an

147 3579 239 3645 super
254 3557 356 3622 Deum
372 3556 451 3624 alter
465 3557 507 3621 sit
523 3556 621 3622 Deus.

212 3664 243 3726 4.
288 3659 322 3725 Si
336 3670 443 3727 autem
456 3660 525 3750 quis
539 3681 649 3726 amans
663 3660 906 3742 contentionem,
921 3665 1131 3731 contradictor
1144 3667 1238 3734 fuerit
1251 3670 1301 3734 his

148 3787 216 3850 quae
244 3785 264 3830 a
288 3764 379 3830 nobis
408 3765 600 3842 dictasunt,
626 3773 659 3828 et
683 3763 734 3829 his
757 3787 827 3850 quae
849 3767 890 3830 ab
915 3768 1070 3854 Apostolo
1093 3770 1191 3837 relato
1216 3779 1299 3848 sunt,
1376 3822 1379 3826 -

196 3985 204 4018 ¹
224 3988 359 4047 καὶταῦτα,
373 3985 508 4052 etquidem.
750 3989 809 4052 ὑπὲρ
827 3993 896 4052 ἡμᾶς,
916 3993 956 4041 rol
974 3995 1006 4042 εἰς
1028 3994 1045 4041 d
1067 3995 1166 4056 φθάνειν
1187 3998 1243 4056 ἡμῖν
1259 4000 1301 4045 οὐκ

194 4067 461 4133 'Amo—fingere.
504 4069 602 4119 Mallem
624 4071 697 4134 lepore
749 4073 834 4132 ἔνεστι,
845 4077 899 4123 οὐδὲ
910 4077 941 4125 ela
952 4077 1027 4136 rom
1037 4081 1187 4138 καταντῆσαι
1198 4079 1297 4139 τόλμην,

147 4160 277 4213 comm,
291 4153 446 4215 defingunt&
463 4153 631 4216 olioprtimiot
641 4169 694 4202 con-
749 4153 814 4202 olore
835 4156 1012 4205 διακαλύπτειν
1032 4160 1076 4206 τὸν
1097 4160 1240 4208 θοόν...κά
1260 4163 1300 4224 βε·

145 4232 242 4281 structio
258 4240 290 4280 est
306 4232 375 4282 valde
387 4233 516 4282 onmnalo:
532 4234 592 4282 odeo
605 4241 632 4282 ut
646 4249 695 4282 erro·
748 4237 878 4297 βαιοῦσθαι
938 4240 977 4285 rol
999 4240 1107 4303 δυσσεβῆ
1130 4241 1193 4289 οὕτω
1249 4259 1300 4290 τοι·

144 4315 209 4377 picio
233 4315 320 4375 moen,
346 4330 424 4363 orrum
448 4316 577 4365 oltcmrmoc
600 4317 696 4364 emblem
749 4317 827 4366 εῖσθαι
842 4319 924 4379 λόγον.
956 4333 1010 4384 ι9ι.

145 4395 298 4444 inmodicae.
318 4397 420 4446 Gsasr.
449 4397 695 4462 Massumeupplis
796 4397 953 4462 ’mowers
972 4405 1099 4463 demipont.

145 4493 211 4526 some
226 4478 418 4527 ruchwordsas
431 4477 565 4527 αόειινάιιηι
575 4486 613 4528 at.
643 4479 696 4528 Tho
796 4480 947 4544 ‘quoniam
961 4485 1065 4547 ὄτιγόρ.
1095 4486 1198 4536 Gom.

145 4558 269 4622 following
285 4559 432 4608 restoration
453 4557 473 4606 is
493 4558 583 4607 offered
603 4559 629 4607 in
646 4559 695 4608 lieu
797 4562 808 4594 ³
824 4564 877 4614 The
888 4565 988 4614 cursu.
1002 4567 1059 4615 MS.
1072 4569 1146 4616 omits
1158 4569 1241 4618 Pater.

145 4643 171 4690 ol
185 4647 310 4692 comment
319 4659 326 4702 ς
344 4643 368 4690 ἐν
385 4642 463 4701 τούτῳ
478 4643 503 4690 δὲ
522 4643 645 4701 ζητοῦντες
665 4645 696 4690 τὰ
795 4643 806 4674 ⁰
824 4647 849 4693 ἐν
865 4649 955 4707 σχέσει.

243 4749 317 4830 von.
337 4751 355 4793 ι.
1155 4739 1199 4803 23
