3225 5184
309 368 373 435 154
737 381 1017 435 unacosronou

143 542 326 645 lgfflllssssl
348 539 411 613 τὸν
434 540 665 625 ιἰνονόμαστον
689 538 855 641 ὀνομάζει,
879 539 934 610 καί
959 539 1021 611 τὸν
1040 539 1187 639 ἅῤῥητον
1206 540 1385 637 ἐξηγεῖται,
1406 544 1547 615 καίνων

142 653 293 693 scamina
337 652 346 678 ν
402 654 411 678 ⁹

148 728 293 737 -—
307 686 368 726 τον
395 652 651 750 ανεξιχνίαστον
674 650 854 751 ἐξιστορεῖ·
884 653 938 723 καί
962 654 1125 750 ἤνοιχίναι
1148 652 1192 726 τί)
1215 656 1331 739 στόμα
1357 656 1462 755 φησίν

308 765 391 839 αὐτὸ
418 762 459 872 [l.
484 760 614 871 ababa}
637 766 674 837 ὃν
699 766 882 850 ἀσώματον
903 765 958 836 καί
981 764 1123 837 ἆνείὸεον
1149 768 1269 859 λέγεις·
1295 768 1350 839 καί
1377 800 1462 867 τρο-

308 881 506 972 ενίγκασθαι
520 877 652 971 Λόγον,
666 882 706 956 ὡς
722 880 803 951 ἕντι
819 884 886 950 τῶν
903 880 1067 951 συνθέτων
1086 878 1184 980 ζώων·
1206 882 1269 952 τόν
1286 913 1327 953 τε
1338 879 1461 973 Λόγον

308 995 411 1065 αὐτοῦ
427 994 542 1076 ὅμοιον
566 994 648 1064 ὅντα
673 994 722 1081 τῷ
746 992 973 1093 προβαλόντι,
994 993 1049 1063 καί
1073 993 1210 1092 μορφὴν
1231 998 1295 1065 τοῦ
1311 992 1461 1092 ἆοριίτου

308 1107 489 1198 γεγονότα,
509 1106 687 1201 στοιχείων
711 1102 771 1188 μὲν
795 1104 875 1176 εἶναι
898 1102 1090 1204 τριάκοντα,
1116 1107 1299 1194 συλλαβῶν
1323 1105 1357 1178 δὲ
1380 1139 1462 1180 τεσ-
1488 1193 1493 1205 ⁸

308 1216 440 1318 σιίρων;
458 1218 593 1289 Ἔσται
614 1215 771 1289 οὖνκατὰ
791 1218 853 1300 τὴν
871 1218 1058 1301 ὁμοιότητα
1075 1223 1138 1289 τοῦ
1153 1216 1276 1311 Λόγον
1295 1222 1313 1290 ὁ
1334 1220 1461 1319 Πατὴρ

307 1337 372 1403 τῶν
390 1328 531 1415 πόντων,
556 1334 595 1407 ὡς
619 1330 660 1401 σίν
684 1331 758 1429 φὴς,
782 1331 962 1427 στοιχείων
983 1328 1044 1415 μὲν
1065 1328 1258 1429 τριάκοντα,
1277 1334 1461 1421 συλλαβῶν

307 1442 343 1515 cli
364 1441 550 1543 τεσσάρων.
589 1440 643 1513 Ἦ
675 1440 779 1513 πόλιν
801 1444 853 1519 τίς
876 1441 1030 1537 ἀνέξεταί
1056 1475 1118 1514 σου
1148 1446 1191 1520 είς
1214 1449 1378 1541 σχήματα
1405 1445 1460 1516 καί

306 1557 471 1655 ἀριθμοὺς,
490 1553 577 1629 τοτὲ
593 1554 653 1641 μὲν
668 1552 864 1653 τριάκοντα,
893 1554 981 1627 τοτὲ
1012 1553 1047 1625 δὲ
1073 1558 1343 1655 εἰκοσιτέσσαρα,
1372 1556 1462 1629 τοτὲ

307 1667 342 1740 δὲ
374 1667 417 1764 ’ἐξ
445 1670 554 1755 μόνον,
590 1670 827 1762 συγκλείοντας
858 1666 922 1739 τόν
953 1674 1020 1740 τῶν
1053 1665 1188 1739 πόντων
1220 1671 1368 1753 κτιστίιν,
1405 1670 1461 1741 καί

306 1779 514 1881 δημιουργόν,
533 1782 586 1853 καί
607 1782 746 1865 ποιητὴν
765 1779 889 1872 Λόγον
907 1786 970 1852 τοῦ
988 1781 1086 1852 θεοῦ·
1112 1778 1461 1883 κατακερματίζοντοε

306 1894 407 1967 αὑτὸν
431 1898 474 1972 εἰς
503 1893 681 1983 συλλαβὰς
708 1892 767 1976 μὲν
796 1893 977 1993 τέσσαρας,
1008 1904 1166 1990 στοιχεῖα
1198 1892 1233 1964 δὲ
1263 1892 1458 1994 τριάκοντα·

304 2008 358 2077 καί
381 2005 443 2079 τόν
466 2003 598 2078 πόντων
627 2006 753 2105 Κύριον
778 2005 840 2077 τὸν
867 2006 1095 2105 ἐστερεωκότα
1121 2007 1197 2083 τοία
1227 2007 1389 2106 οὐρανοὺς,
1415 2010 1460 2085 είς

305 2152 329 2189 ω
361 2150 388 2188 τ
419 2151 437 2202 η
467 2117 677 2211 κατάγονται
708 2118 858 2218 ἀριθμὸν,
892 2120 1011 2202 ὁμοίως
1043 2126 1094 2210 τῷ
1128 2119 1324 2218 ἆλφαβῆτῳ
1356 2119 1458 2192 αὑτὸν

305 2232 476 2324 γεγονότα
497 2227 539 2338 [l.
560 2232 647 2330 ἆλφ.
666 2260 743 2323 γεγ.
763 2231 818 2302 καί
838 2230 940 2303 αὑτὸν
959 2264 996 2302 τ.
1018 2263 1052 2328 χ.
1067 2225 1135 2336 τ.],
1154 2228 1266 2304 τόντα
1284 2238 1459 2332 χωροῦντα

305 2342 460 2443 Πατέρα,
484 2344 659 2443 ἆχιίιρητον
681 2342 716 2415 δὲ
738 2341 946 2443 ίιτιίρχοντα,
970 2347 1013 2422 είς
1037 2341 1196 2443 τετράδα,
1219 2345 1274 2415 καί
1297 2343 1459 2437 ὀγδοόόα,

303 2602 352 2663 est
387 2595 493 2684 Sigen,
521 2618 591 2683 qum
625 2594 883 2662 innominabilem
912 2593 1057 2659 nominat
1084 2594 1269 2679 (AEonem),
1293 2596 1460 2664 inenarra-

303 2697 398 2762 bilem
419 2698 560 2782 exponit,
579 2705 612 2763 et
638 2718 711 2762 eum
737 2695 792 2782 qui
810 2694 1053 2781 ¹investigabilis
1078 2704 1127 2759 est
1148 2696 1306 2775 enuntiat,
1324 2705 1359 2763 et
1383 2720 1458 2785 apo-

303 2796 402 2864 ruisse
428 2820 464 2861 os
494 2797 571 2862 dicit
594 2819 677 2874 enm,
704 2818 799 2881 quom
824 2794 1056 2880 incorporalem
1078 2804 1113 2861 et
1137 2794 1346 2882 infiguratum
1368 2798 1457 2873 diois,

302 2904 337 2961 et
354 2897 493 2961 emisisse
505 2896 660 2975 Verbum,
673 2894 762 2981 quasi
779 2916 878 2958 unum
895 2915 935 2959 ex
952 2894 1089 2980 hisquae
1107 2894 1284 2980 composita
1299 2906 1375 2962 sunt
1390 2898 1459 2963 ani·

301 2996 416 3060 malla:
443 2995 588 3060 Verbum
609 3017 733 3082 quoque
750 2994 818 3079 ejus
834 2993 935 3057 simile
958 3015 1027 3058 csse
1050 2994 1080 3058 ei
1106 2994 1158 3080 qui
1185 3017 1258 3059 eum
1280 2996 1396 3072 emisit,
1422 3007 1458 3063 et

300 3095 436 3160 sormam
465 3095 626 3161 invisibilis
651 3095 781 3174 lactum,
807 3094 1035 3158 elementorum
1064 3094 1192 3181 quidem
1218 3116 1286 3160 esse
1311 3096 1457 3185 triginta,

300 3195 492 3281 syllabarum
506 3207 615 3263 antem
632 3196 791 3283 quatuor!
834 3193 909 3258 Erit
930 3216 1006 3279 ergo
1028 3195 1201 3259 secundnm
1218 3194 1457 3263 similitudinem

302 3294 404 3361 Verbi
419 3296 519 3363 Pater
532 3296 682 3371 omnium,
695 3294 779 3361 sicut
789 3302 826 3360 tu
844 3294 900 3369 ais,
918 3293 1148 3359 elementorum
1165 3295 1293 3380 quidem
1310 3296 1455 3382 triginta

300 3394 492 3481 syllabarum
512 3406 621 3462 autem
642 3402 790 3481 quatuor.
840 3393 912 3457 Aut
934 3392 1052 3458 iterum
1074 3394 1144 3478 quis
1168 3394 1338 3461 sustinebit
1363 3405 1397 3461 te
1422 3396 1456 3461 in

299 3494 463 3561 schemata
495 3503 530 3562 et
556 3517 714 3573 numeros,
747 3493 918 3579 aliqnando
952 3492 1080 3577 quidem
1109 3493 1253 3579 triginta,
1283 3494 1456 3580 aliqnando

300 3600 409 3658 autem
438 3594 551 3682 viginti
580 3603 727 3680 quatuor,
758 3592 930 3678 aliquando
960 3614 1017 3656 sex
1047 3599 1184 3670 tantum,
1213 3594 1456 3661 concludentem

299 3692 517 3759 universorum
537 3695 744 3768 conditorem,
767 3701 801 3758 et
824 3691 1045 3776 Demiurgum,
1072 3700 1106 3757 et
1126 3692 1281 3759 factorem
1308 3692 1455 3760 Verbum

302 3790 373 3867 Dei,
396 3799 431 3857 et
452 3794 647 3858 minuentem
672 3815 744 3859 eum
769 3793 803 3857 in
825 3792 962 3879 syllabas
987 3792 1115 3877 quidem
1133 3799 1280 3878 quatuor,
1298 3794 1457 3861 elementa

299 3902 408 3956 autem
429 3891 584 3980 triginta:
613 3901 647 3959 et
672 3892 813 3959 omnium
835 3890 1009 3956 Dominum
1035 3892 1089 3977 qui
1113 3892 1268 3958 'firmavit
1290 3894 1396 3972 coelos,
1422 3894 1456 3960 in

300 4014 512 4058 ncoonxxxvur
535 3994 744 4060 deducentem
762 4013 920 4069 numeros,
937 3990 1084 4057 similiter
1105 3999 1203 4077 atque
1222 3992 1456 4079 Alphabetum:

298 4099 333 4158 et
349 4093 452 4179 ipsum
468 4094 523 4181 qui
539 4096 645 4161 omnia
662 4095 747 4182 capit
761 4094 901 4166 Patrem,
917 4113 938 4155 a
953 4090 1040 4155 nullo
1056 4099 1164 4157 autern
1177 4091 1312 4177 capitur,
1329 4094 1361 4158 in
1379 4116 1456 4180 qua-

298 4194 512 4261 ternationem
532 4202 566 4261 ct
587 4195 826 4262 octonationem
843 4188 894 4278 [et
911 4190 1079 4281 decadem]
1098 4198 1133 4257 et
1149 4191 1366 4258 duodecadem
1382 4195 1457 4259 snb-

346 4438 356 4471 ¹
373 4440 559 4505 lampabilis,
579 4443 636 4492 that
655 4448 747 4491 cannot
764 4442 795 4491 bs
813 4440 850 4490 in·
899 4449 957 4499 MS,
976 4449 991 4498 I
1007 4455 1101 4500 restore
1113 4450 1225 4513 fimeta
1240 4453 1280 4501 for
1295 4452 1453 4516 confirmata,

297 4522 442 4585 vutigated,
455 4526 520 4573 asin
531 4540 555 4588 p.
571 4535 608 4585 15,
622 4524 672 4573 and
683 4522 722 4573 11.
735 4540 795 4571 xxv.
898 4546 926 4579 ω
953 4532 1069 4597 agming
1090 4534 1172 4583 better
1195 4535 1256 4583 with
1279 4536 1452 4598 ἐπερωκοη,

346 4597 357 4629 ¹
374 4602 412 4650 On
430 4604 474 4651 the
491 4604 619 4667 authority
635 4602 664 4653 ol
679 4604 721 4653 the
739 4604 848 4653 Annus.
897 4611 950 4661 Tho
960 4612 1034 4663 Voss
1044 4614 1103 4665 ΜΒ,
1115 4616 1168 4665 ὼο
1178 4632 1272 4679 qm,
