3225 5184
454 413 594 467 lustau
619 412 837 468 namurcum
861 416 989 470 ORIGO.
1229 402 1296 467 309

132 568 302 635 secundum
317 570 509 659 qualitatem,
525 594 583 639 nec
597 571 768 637 secundum
783 571 1002 651 substantiam,
1012 572 1183 638 secundum
1194 595 1288 658 quam
1329 594 1386 679 asp
1393 594 1422 634 n.

132 670 276 755 passibile
290 672 406 758 aliquid
419 674 468 739 vel
485 674 696 761 impassibile
697 682 765 749 est;
789 676 846 740 sed
860 683 917 740 aut
929 675 1100 754 universos,
1118 698 1159 743 ex
1173 676 1288 741 lumina
1301 641 1406 773 0ῧῖΞῖ
1406 688 1451 773 1¹¹¹·-

132 795 204 839 cum
218 774 281 839 sint
292 786 433 861 paterno,
444 777 627 843 naturaliter
636 776 885 865 impassibileset
898 779 1109 845 immutabiles
1120 802 1189 845 ease
1200 801 1289 867 opor-
1336 780 1385 818 ”¹¹
1365 783 1416 818 ¹·⁵

132 885 198 943 tet:
221 886 276 942 aut
287 879 421 944 universi
432 902 503 945 cum
518 887 648 965 paterno
662 879 778 946 lumine
792 890 825 946 et
839 882 1011 967 passibiles,
1026 891 1059 948 et
1074 884 1291 950 commutatio·

133 1000 207 1043 num
223 981 429 1068 corruptionis
440 1004 571 1069 capaces
583 991 667 1050 sunt.
698 983 781 1049 Haec
795 992 901 1049 autem
912 985 1022 1049 eadem
1036 986 1118 1051 ratio
1132 996 1288 1073 sequetur,

133 1081 203 1159 etsi,
218 1082 303 1148 velut
316 1086 357 1149 ab
371 1086 481 1150 arbore
496 1106 609 1163 ramos,
627 1084 733 1149 dicant
746 1107 767 1150 a
782 1086 871 1172 Lego
886 1096 993 1151 natam
1008 1109 1078 1153 esse
1091 1089 1289 1155 emissionem

134 1185 284 1263 AEonum,
295 1208 366 1252 cum
376 1187 510 1275 Lagusa
519 1187 615 1252 Patre
624 1187 759 1273 ipsorum
768 1190 1000 1275 generationem
1010 1191 1137 1257 habeat:
1150 1193 1289 1278 ejusdem

133 1288 217 1354 eninr
235 1289 419 1354 substantiae
433 1311 542 1355 omues
559 1289 758 1355 inveniuntur
771 1312 843 1356 cum
859 1292 966 1370 Patre,
981 1302 1105 1359 tantum
1118 1296 1289 1361 secundum
1383 1348 1387 1355 .

134 1392 389 1479 magnitudinem,
405 1393 538 1457 sednon
552 1392 723 1458 secuudum
737 1400 882 1457 naturam
901 1395 1078 1461 differentes
1091 1397 1133 1461 ab
1147 1396 1289 1478 inuicem,

134 1503 167 1561 et
177 1495 424 1583 magnitudinem
435 1496 626 1581 complentes
638 1496 753 1575 Patria,
765 1496 1024 1582 quemadmodum
1033 1497 1123 1583 digiti
1134 1498 1291 1583 complent

134 1620 270 1665 manum.
318 1600 351 1665 Si
369 1598 466 1687 igitur
488 1599 586 1664 Pater
604 1598 637 1663 in
656 1598 800 1684 passione
819 1607 853 1663 et
872 1599 1059 1686 ignorantia,
1083 1609 1117 1665 et
1138 1600 1160 1664 ii
1183 1601 1291 1687 utique

135 1702 188 1789 qui
210 1724 251 1767 ex
271 1724 309 1769 eo
331 1703 471 1789 generati
494 1710 578 1780 sunt,
605 1702 738 1767 AEones.
784 1702 820 1767 Si
841 1710 948 1768 autem
973 1702 1103 1788 impium
1126 1712 1176 1768 est
1201 1703 1291 1769 Patri
1335 1789 1339 1795 Δ

134 1805 273 1871 omnium
285 1806 491 1893 ignorantiam
506 1814 539 1872 el
553 1806 728 1892 passionem
742 1806 902 1893 affingere,
917 1806 1072 1893 quomodo
1086 1806 1127 1871 ab
1146 1828 1184 1871 eo
1198 1806 1291 1872 emis·

134 1931 205 1975 sum
219 1910 326 1975 dicunt
338 1912 479 1975 AEonem
494 1909 682 1995 passibilem,
703 1912 756 1974 ¹et
778 1908 839 1975 hoo
859 1909 920 1996 ipsi
935 1909 1062 1995 Sophiae
1083 1909 1145 1975 Dei
1159 1910 1291 1975 eandem

134 2012 327 2099 impietatem
348 2014 543 2101 affingentes,
558 2014 745 2099 semetipsos
759 2013 923 2099 religiosos
936 2036 1007 2079 esse
1021 2014 1148 2080 dicenti

201 2120 232 2182 2.
277 2116 311 2180 Si
326 2123 432 2181 autem
446 2116 620 2202 ²quomodo
640 2138 660 2181 a
681 2115 747 2181 sole
769 2116 883 2193 radios,
898 2118 1026 2181 AEouas
1047 2117 1185 2202 ipsorum
1200 2118 1292 2183 emis-

135 2219 238 2285 siones
259 2219 406 2285 habuisse
424 2220 539 2296 dicent,
562 2218 703 2305 ejusdem
726 2219 910 2285 substantiae
936 2226 970 2285 et
992 2219 1159 2285 decadem
1184 2242 1293 2285 omnes

135 2345 206 2387 cum
230 2322 304 2399 sint,
325 2330 381 2387 aut
403 2344 512 2388 omues
533 2343 665 2408 capaces
686 2321 842 2407 passionis
865 2330 957 2387 erunt
974 2343 1047 2387 cum
1069 2342 1108 2386 eo
1133 2321 1187 2406 qui
1206 2321 1293 2407 ipsos

136 2424 249 2503 emisit,
273 2434 329 2490 aut
354 2446 462 2489 omues
484 2424 690 2509 impassibiles
715 2424 967 2509 perseverabunt.
1022 2423 1095 2488 Non
1121 2424 1205 2488 enim
1224 2426 1291 2509 jam

137 2527 286 2613 quosdam
311 2526 524 2612 impassibiles,
546 2527 698 2611 quosdam
714 2534 822 2591 autem
842 2525 1005 2610 passibiles
1024 2534 1156 2610 possunt
1175 2519 1217 2591 ei
1236 2527 1293 2592 tali

137 2627 301 2691 emissione
330 2626 480 2693 confiteri.
527 2626 561 2690 Si
590 2627 686 2711 igitur
714 2647 824 2690 omnes
851 2625 1059 2710 impassibiles
1086 2626 1204 2704 dicam,
1233 2627 1293 2712 ipsi

137 2752 228 2795 suum
245 2736 464 2815 argumentum
483 2727 666 2793 dissolvunt.
711 2727 875 2810 Quomodo
893 2727 976 2793 enim
998 2748 1110 2813 passus
1127 2736 1176 2793 eat
1192 2729 1294 2794 minor

138 2833 239 2908 AEon,
262 2830 290 2896 si
312 2852 420 2896 omnes
434 2839 524 2895 erant
538 2830 762 2916 impassibiles?
806 2830 841 2896 Si
855 2840 961 2897 autem
975 2852 1084 2896 omnes
1097 2830 1207 2897 dicunt
1223 2854 1294 2917 pur·

138 2934 284 3019 ticipasso
298 2932 450 3019 passionis
465 2933 568 3019 hujus,
588 2932 850 3018 quemadmodum
872 2932 1019 3020 ³quidam
1041 2933 1158 2998 audent
1180 2934 1293 3015 dicere,

139 3037 245 3123 quiaa
261 3036 349 3123 Logo
367 3035 493 3122 quidem
512 3035 618 3122 coepit,
641 3035 790 3101 derivatio
811 3044 918 3101 autem
940 3036 972 3100 in
995 3035 1156 3121 Sophiam,
1177 3035 1210 3100 in
1233 3037 1294 3102 Lo·

138 3162 215 3226 gum
236 3140 330 3225 hujus
350 3139 445 3205 ⁴Nun
461 3138 643 3225 Propatoris
657 3140 835 3224 passionem
857 3147 1039 3205 revocantes
1058 3149 1239 3225 arguentur,
1261 3150 1295 3206 ct

141 3240 216 3305 Nun
238 3240 421 3326 Propatoris
444 3249 477 3307 et
500 3240 603 3326 ipsum
625 3240 754 3307 Patrem
775 3240 809 3306 in
827 3240 973 3327 passione
987 3240 1083 3305 fuisse
1097 3241 1295 3307 confitentes.

141 3341 214 3407 Non
239 3342 322 3406 enim
347 3351 384 3407 ut
407 3341 613 3427 compositum
637 3342 753 3409 animal
780 3343 928 3428 quiddam
951 3349 1001 3407 est
1026 3339 1167 3406 omnium
1186 3341 1295 3421 Pater,

139 3453 253 3530 practer
268 3444 352 3525 Nun,
375 3444 634 3530 quemadmodum
648 3446 929 3533 praeostendimus3
949 3445 1024 3509 ‘sed
1047 3443 1116 3507 Nus
1133 3443 1240 3523 Pater,
1262 3452 1296 3509 et

188 3648 199 3681 ¹
216 3648 251 3697 Et
259 3648 366 3713 quidem,
378 3648 488 3697 (imaum
499 3649 539 3697 nal
550 3650 629 3708 τοῦτο,
639 3648 693 3697 scd·
742 3650 846 3714 particle
862 3657 884 3699 et
902 3666 980 3699 seems
994 3655 1021 3699 to
1038 3650 1069 3698 be
1084 3650 1198 3715 required
1214 3650 1297 3699 before

139 3730 194 3779 dem
205 3730 320 3779 debuisset
330 3729 460 3791 Inter-pm.
481 3729 584 3779 Ganos.
743 3732 812 3792 Nun,
826 3732 909 3781 unless
927 3732 1015 3781 indeed
1029 3732 1092 3781 Nun
1106 3731 1251 3795 Propatoris
1267 3733 1298 3780 bc

188 3810 303 3861 ’saum
320 3811 382 3859 iuter
399 3810 453 3859 clia
470 3810 547 3859 moedi
564 3808 599 3859 ad
616 3810 693 3859 decla·
743 3813 886 3862 eliminated
902 3830 929 3862 aa
947 3830 979 3861 an
990 3814 1110 3862 insertion
1123 3814 1188 3862 from
1199 3813 1243 3862 tho
1253 3813 1297 3862 lol-

139 3893 248 3945 rundnm
259 3894 323 3942 Filii
335 3910 352 3942 a
367 3892 419 3942 Deo
429 3892 506 3941 Putre
521 3892 695 3955 pensaunium
744 3895 836 3958 lowing
849 3895 906 3944 lina
940 3895 993 3943 Tha
1005 3894 1096 3943 AEonio
1112 3894 1223 3942 diaordcr
1233 3910 1298 3942 oom-

139 3990 198 4024 usus
208 3982 240 4023 cst
254 3974 418 4023 Tertullianus
429 3973 472 4022 lid.
485 3980 569 4023 curura
579 3973 696 4021 Praxean
743 3976 847 4025 menoad
866 3978 892 4024 ἐν
910 3976 959 4024 τοῖς
979 3976 1033 4037 sspl
1055 3976 1097 4024 τὸν
1113 3976 1177 4023 Νοῦν
1196 3974 1237 4023 acl
1255 3976 1300 4034 τὴν

139 4074 194 4122 cup.
208 4060 231 4107 8.
249 4058 352 4107 Gnasn.
387 4056 441 4106 But
451 4057 512 4105 such
528 4054 697 4105 illustratione
741 4058 879 4117 Ἀλήθειαν,
893 4074 918 4121 p.
930 4072 967 4117 ¹4·

140 4158 182 4191 aaa
199 4140 233 4189 all
250 4140 279 4189 ol
291 4140 360 4189 thom
374 4154 443 4187 more
453 4154 482 4187 or
498 4139 546 4187 lesa
560 4137 696 4201 objection·
794 4140 804 4171 ⁵
821 4140 872 4189 Nec
888 4140 956 4189 Deua
972 4138 1016 4202 qua·
1033 4137 1205 4200 iutellips'turu
1221 4138 1297 4199 uobis,

141 4222 209 4281 abla;
221 4222 260 4271 lor
269 4236 317 4271 ona
323 4219 373 4269 and
379 4219 420 4279 all,
431 4220 491 4284 they
498 4218 597 4267 involve
606 4234 621 4267 a
629 4234 697 4281 sepa·
745 4221 795 4270 alio
806 4222 878 4269 modu
888 4219 992 4283 intells'ffl‘
1002 4226 1082 4283 potest,
1090 4219 1140 4268 nisi
1147 4233 1213 4267 meus
1221 4218 1301 4268 mlsua

141 4304 220 4353 ration
244 4303 323 4351 either
344 4302 370 4349 in
388 4302 450 4349 timo
469 4316 498 4349 or
516 4314 590 4363 space
608 4298 636 4346 ol
654 4298 697 4347 the
745 4303 864 4367 pusulam,
878 4310 900 4351 cl
909 4302 994 4362 libes-a,
1002 4309 1125 4364 scprayuto
1135 4302 1166 4350 ab
1175 4302 1302 4351 omaicca·

140 4384 240 4435 derived
251 4385 383 4434 substance
393 4382 459 4432 ἰιοιιι
469 4383 512 4432 tha
519 4381 632 4445 original.
652 4381 698 4430 See
745 4384 846 4435 cratim
855 4383 958 4443 morasti,
969 4382 1052 4432 omniu
1062 4384 1190 4432 mussat
1199 4398 1299 4434 moceaa

141 4468 208 4517 Har.
222 4466 274 4516 and
287 4465 366 4515 Μ.
380 4465 411 4527 os
424 4464 516 4525 unca,
531 4481 556 4530 p.
569 4477 621 4525 140.
746 4466 978 4527 Gru.deN.Dcor.4.
1002 4464 1055 4513 The
1065 4462 1214 4528 philosophy
1221 4465 1251 4512 oi
1258 4466 1302 4514 the

190 4548 202 4582 ⁸
219 4548 265 4598 See
276 4565 301 4613 p.
318 4546 355 4608 16,
369 4562 395 4597 n.
411 4560 440 4609 53
461 4558 498 4608 17,
511 4562 537 4595 n.
547 4559 568 4594 a.
745 4545 859 4593 ancienta
869 4559 931 4608 very
941 4542 1068 4607 generally
1079 4542 1187 4590 exhibita
1197 4558 1214 4590 a
1227 4543 1304 4591 beliel'

191 4630 202 4663 ⁴
219 4631 309 4693 Hujus,
329 4630 425 4689 ταύτης,
448 4628 477 4677 rb
496 4628 573 4676 πάθος
590 4641 622 4677 sa.
645 4625 698 4674 'rho
745 4618 1300 4685 inoneSupramcIncorpmrealDivineBciug,

243 4736 317 4782 von.
336 4736 357 4781 1.
1158 4708 1201 4771 20
