3225 5184
674 422 888 473 PRAEFATIO.
1340 410 1360 469 5

205 584 258 655 καί
279 582 320 654 σίι
335 582 450 667 μαθίυν
467 582 561 667 οὖτά,
590 590 675 655 πᾶσι
699 594 770 660 τοῖς
789 580 876 666 μετά
901 614 964 653 σου
991 579 1121 682 φανερά
1139 587 1286 679 ποιήσῃς,
1304 583 1357 654 καί

206 698 406 796 παραινέσης
424 697 533 773 αιίτοῖς
549 693 768 795 φυλάξασθαι
795 696 857 768 τὸν
875 694 998 784 ι,θυθδν
1016 703 1075 777 τῆς
1092 696 1210 780 άνοίας,
1230 697 1284 767 καί
1301 703 1358 778 τῆς

206 812 249 886 είς
265 807 424 909 Χριστὸν
443 804 523 914 [Ias.
538 803 642 913 θεὸν]
657 810 892 907 βλασφημίας.
918 808 998 893 Kal,
1013 807 1118 885 καθίυς
1135 807 1264 893 δύναμις
1276 814 1358 892 ἡμῖν,

205 927 265 1005 τήν
284 953 324 993 τε
343 922 473 1013 γνώμην
492 922 597 991 αὑτῶν
616 926 682 993 τῶν
700 927 752 992 νῦν
777 918 1101 1020 παραδιδασκόντιυν,
1128 923 1219 1013 λέγω
1239 920 1277 1004 δὴ
1293 926 1360 993 τῶν

176 1072 179 1079 ·
206 1035 282 1133 περὶ
303 1033 532 1117 Πτολεμαῖον,
551 1032 765 1117 2άντάνθισμα
784 1032 886 1105 οὖσαν
904 1042 962 1116 τῆς
981 1034 1204 1105 Οὐαλεντίνου
1222 1042 1360 1130 σχολῆς,

207 1146 375 1229 συντόμως
406 1146 459 1215 καί
491 1152 610 1245 σαφῶς
639 1147 908 1237 ἀπαγγελοῦμεν,
938 1146 991 1215 καὶ
1024 1144 1183 1245 ἀφορμὰς
1213 1145 1362 1229 δώσομεν

207 1257 294 1330 κατὰ
323 1259 384 1341 τὴν
414 1258 574 1357 ἡμετέραν
601 1260 819 1357 μετριότητα,
849 1257 934 1356 πρδς
961 1257 1005 1330 τὸ
1032 1259 1229 1358 ἀνατρέπειν
1252 1260 1360 1343 αὐτὴν,

209 1372 384 1442 ἆλλόκοτα
416 1371 468 1440 καί
502 1366 701 1469 ἀνάρμοστα
734 1375 778 1464 τῇ
808 1371 945 1462 ἀληθείᾳ
975 1368 1203 1448 ἐπιδεικνύντες
1236 1371 1281 1445 τὰ
1308 1372 1361 1443 ὑπ’

209 1484 315 1555 αι’κτῶν
344 1484 521 1574 λεγόμενα,
547 1488 632 1567 μήτε
662 1480 878 1582 συγγράφειν
913 1484 1101 1567 εἰθισμένοι,
1134 1489 1218 1567 μήτε
1247 1487 1363 1577 λόγιον

209 1598 329 1692 τέχνην
353 1596 538 1678 ἠσκηκότες·
566 1592 699 1687 ἇγάπης
719 1594 754 1665 δέ
779 1599 862 1678 ἡμᾶς
880 1597 1152 1695 προτρεπομένης
1171 1598 1229 1668 σοί
1249 1599 1362 1668 τεκαὶ

135 1737 140 1747 ·
211 1712 296 1779 πᾶσι
322 1718 393 1783 τοῖς
416 1704 501 1791 μετά
528 1739 590 1778 σου
616 1709 753 1791 μηνιίσαι
778 1706 823 1779 τὰ
847 1710 948 1806 μέχρι
971 1707 1031 1791 μέν
1053 1714 1105 1778 νῦν
1131 1712 1360 1807 3κεκρυμμένα,

211 1820 268 1903 ἤδη
295 1818 329 1890 δέ
360 1818 447 1890 κατὰ
476 1821 537 1901 τὴν
568 1818 667 1919 χάριν
702 1826 766 1891 τοῦ
799 1821 888 1890 θεοῦ
918 1823 961 1896 είς
993 1820 1137 1919 φανερὸν
1172 1823 1361 1904 ἐληλυθότα

212 1929 414 2025 διδάγματα·
442 1930 531 2002 οὐδὲν
561 1930 629 2031 γάρ
661 1934 735 2005 ε’στι
761 1934 1010 2016 κεκαλυμμένον,
1038 1934 1056 2004 ὃ
1084 1935 1138 2003 oria
1163 1934 1363 2034 άποκαλυφ-

213 2050 360 2129 θήσεται,
387 2044 441 2115 καί
459 2043 615 2142 κρυπτὸν,
637 2045 655 2115 ὃ
674 2046 710 2116 οὗ
730 2050 973 2137 γνωσθήσεται.

211 2236 400 2302 cognoscens
418 2236 465 2290 ea,
485 2213 631 2277 omnibus
648 2212 706 2290 his,
726 2214 867 2297 quisunt
884 2221 999 2288 tecum,
1018 2213 1187 2278 manifesta
1202 2213 1311 2288 facias,
1329 2221 1365 2279 et

211 2315 375 2400 praeeipias
392 2314 437 2378 eis
454 2314 621 2377 observare
637 2335 672 2376 se
686 2335 705 2377 a
721 2313 877 2396 profundo
896 2312 1126 2390 insensationis,
1145 2320 1179 2377 et
1198 2315 1275 2398 ejus,
1293 2336 1364 2399 quoe

212 2422 261 2479 est
279 2414 311 2478 in
330 2414 447 2493 Deum,
464 2412 752 2498 blasphemationis,
780 2412 826 2476 Et
844 2422 998 2497 quantum
1013 2414 1103 2477 uobis
1116 2412 1243 2478 virtutis
1260 2413 1363 2488 adest,

212 2514 404 2578 sententiam
427 2514 575 2597 ipsorum,
595 2512 648 2596 qui
672 2532 755 2576 nuno
777 2512 861 2576 aliud
887 2513 1013 2591 docent,
1031 2512 1102 2577 dieo
1119 2520 1227 2577 autem
1245 2534 1363 2584 eorum,

213 2614 268 2698 qui
291 2620 366 2678 sunt
388 2612 472 2675 eirca
488 2611 711 2683 Ptolemaeum,
729 2634 801 2696 quae
825 2623 874 2676 est
896 2611 984 2675 velut
1000 2611 1181 2675 ⁴flosculum
1199 2610 1365 2674 Valentini

213 2714 337 2787 scholae,
349 2710 570 2795 compendiose
587 2719 621 2775 et
638 2710 804 2775 manifeste
822 2711 1034 2783 ostendemus,
1050 2719 1084 2774 et
1101 2710 1170 2773 aliis
1187 2710 1365 2773 occasiones

214 2812 358 2877 dabimus
373 2811 544 2874 secundum
560 2816 703 2875 nostram
721 2812 972 2875 mediocritatem
996 2811 1037 2874 ad
1063 2811 1268 2873 evertendum
1284 2831 1364 2884 eam,

213 2933 277 2976 non
304 2910 434 2987 stantia,
466 2930 567 2993 neque
595 2916 672 2995 apta
699 2910 827 2975 veritati
854 2910 1059 2974 ostendentes
1085 2932 1132 2983 ea,
1159 2932 1230 2995 quae
1260 2909 1300 2972 ab
1328 2907 1367 2972 iis

214 3010 382 3075 dicuntur:
408 3030 510 3093 neque
533 3008 730 3073 conscribere
747 3011 898 3082 consueti,
917 3031 1019 3095 neque
1037 3010 1090 3094 qui
1107 3031 1286 3073 sermonum
1303 3009 1367 3073 arti

214 3110 440 3175 studuerimus:
485 3108 654 3172 dilectione
694 3116 802 3173 autem
838 3132 896 3172 nos
932 3110 1135 3183 adhortante,
1169 3116 1202 3173 et
1242 3108 1301 3172 tibi
1333 3115 1367 3172 et

215 3210 369 3289 omnibus,
385 3210 438 3294 qui
463 3215 538 3272 sunt
559 3216 674 3280 tecum,
695 3208 909 3285 manifestare,
927 3230 998 3292 quae
1022 3230 1121 3292 usque
1146 3208 1250 3271 adhuc
1275 3216 1368 3271 erant

215 3310 385 3384 absconsae,
415 3311 484 3396 jam
518 3320 625 3371 autem
652 3308 826 3371 secundum
852 3307 990 3393 gratiam
1021 3306 1084 3371 Dei
1109 3308 1141 3369 in
1167 3306 1368 3370 manifestum

216 3417 371 3473 venerunt
383 3407 536 3473 doctrinae
554 3406 703 3492 ipsorum.
755 3406 851 3470 Nihil
863 3407 943 3470 enirn
960 3416 1001 3470 aa
1015 3416 1192 3491 οοομοτευνα,
1211 3406 1293 3490 quod
1309 3428 1369 3469 oon

216 3506 486 3593 manifestaturam
506 3516 534 3571 et
546 3506 628 3571 nillil
644 3508 828 3581 absconsum,
847 3507 927 3592 qaod
940 3529 1000 3571 noa
1017 3517 1211 3590 sopnoscetar.

217 3660 247 3708 be
258 3660 384 3719 rendered,
403 3662 421 3685 ‘¹
429 3660 501 3707 Have
514 3660 609 3723 purged
622 3660 663 3707 the
675 3660 768 3708 hrain.''
820 3673 858 3720 35,
870 3662 908 3722 38.
919 3662 1065 3720 ἀπάνθισμα,
1078 3662 1103 3708 in
1112 3661 1216 3709 allusion
1222 3661 1332 3725 possibly
1342 3666 1369 3710 to

218 3741 324 3799 Facetus,
338 3748 450 3788 ern-unctu
460 3740 537 3799 nuris,
555 3742 605 3789 isa
615 3740 716 3803 parallel
728 3756 768 3787 ex·
818 3743 861 3790 tho
872 3742 1061 3803 fructificamus
1076 3743 1105 3790 ol'
1120 3743 1310 3801 Vaanurlnw
1326 3744 1370 3790 the

217 3824 326 3887 pressiori
338 3824 364 3871 in
376 3824 497 3881 Honacn,
507 3823 556 3871 and
564 3822 693 3870 Messena
705 3838 769 3870 eom·
818 3823 886 3870 word
898 3826 1048 3884 κιιρκοφορία
1060 3840 1110 3871 was
1121 3825 1261 3887 commonly
1271 3824 1370 3888 applied

217 3919 287 3967 pares
299 3904 341 3951 the
352 3904 413 3951 lines
425 3904 450 3951 in
462 3904 599 3951 Pacorusz
818 3904 902 3966 bytho
914 3904 1031 3951 Gnostica
1039 3905 1064 3951 in
1073 3904 1116 3952 the
1124 3920 1194 3952 sense
1205 3905 1234 3952 of
1245 3908 1264 3931 ‘¹
1271 3920 1369 3951 emana-

220 4004 238 4027 “
249 4002 331 4051 Immo
346 4002 421 4049 etiam
440 4002 565 4050 cerebrum
582 4016 681 4065 quoquo
698 4016 770 4049 omns
819 3988 870 4035 live
881 3988 1032 4038 0⁷⁰l¹²ll⁰⁰=”

283 4084 389 4147 ecapite
400 4084 519 4133 emunxti
531 4098 621 4142 meum,
868 4066 879 4101 ⁸
897 4070 1017 4133 c⁰¹¹¹P²¹⁰
1035 4072 1078 4117 2¹¹⁰
1093 4070 1321 4131 mmmmm»
1335 4070 1369 4119 Vl·

251 4164 318 4212 Nem
335 4164 418 4211 omnia
433 4163 564 4211 malefacta
578 4168 661 4211 vestra
675 4162 771 4226 repperi
820 4168 844 4216 9,
865 4152 946 4199 Whssffl
963 4153 1006 4199 the
1024 4151 1103 4198 W0¹d⁸
1121 4151 1150 4198 ⁰f
1167 4152 1253 4198 Sfflffil
1272 4152 1372 4200 ΜΑὓΰθ

283 4245 428 4295 radicitus?
820 4250 863 4282 ara
873 4233 996 4292 recorded,
1019 4234 1078 4280 “aa
1090 4234 1159 4281 ἔσται
1171 4234 1369 4294 ἐσφραγισμένον,

493 4310 597 4359 Mostell.
612 4311 644 4359 V·
661 4324 682 4359 ¹.
696 4308 737 4358 6¹·
822 4317 985 4376 κεκρυμμένον,
1011 4315 1193 4372 κεκαλυμμένον,
1219 4316 1323 4372 κείμενον
1349 4316 1374 4363 ἐν

268 4402 277 4433 ¹
296 4402 328 4450 In
346 4402 451 4451 allusion
470 4408 497 4451 to
516 4404 596 4463 Βυθός,
618 4404 661 4451 the
678 4408 733 4450 root
748 4402 776 4450 of
821 4400 857 4458 τῷ
873 4398 999 4459 υἰκητηρίῳ
1016 4394 1043 4444 οὗ
1060 4398 1075 4454 ἡ
1090 4398 1143 4458 ῥίζα
1161 4398 1209 4443 τῶν
1228 4398 1290 4444 ὅλων
1308 4398 1373 4445 rete·

219 4485 263 4533 the
274 4484 435 4533 Valentiniau
447 4490 550 4549 system,
562 4502 583 4534 ο.
600 4501 619 4535 1.
822 4480 964 4536 utilem-'¹
995 4479 1027 4526 Ῑῐ1
1038 4480 1081 4527 thv
1093 4478 1202 4525 Cssbbsslfl
1218 4478 1268 4526 ‘ln’
1279 4489 1296 4507 ²
1305 4478 1363 4540 'UD'

269 4564 281 4596 ¹
298 4564 344 4613 See
362 4565 384 4614 1.
402 4567 417 4615 i.
437 4566 486 4614 and
503 4567 536 4614 vi.
572 4567 610 4615 ΙΙ.
622 4568 656 4614 iv.
669 4566 719 4613 and
739 4564 772 4613 xl.
871 4560 882 4593 ⁴
898 4561 1037 4610 Formam
1047 4576 1075 4609 aa
1085 4576 1101 4608 a
1111 4565 1199 4609 neuter
1211 4562 1372 4625 nominative,

223 4646 342 4710 Compare
353 4648 405 4695 also
418 4646 561 4695 Hirroarr.
572 4646 663 4695 Philus.
674 4645 723 4695 VI.
735 4659 772 4709 29,
823 4645 904 4692 where
914 4660 951 4691 we
961 4644 1050 4691 should
1061 4648 1148 4707 expect
1154 4644 1276 4705 flosculus.

1406 609 1458 649 1⁴1st
1468 608 1486 647 1.

1369 678 1518 689 ——-—-

1383 3418 1512 3457 Natta&
