3225 5184
351 363 418 428 338
790 377 842 430 nn
869 377 1060 441 emmone
1576 362 1578 417 l

183 553 336 594 ursusxxv.
346 531 413 620 jam
428 540 597 620 exponunt,
612 555 713 622 neque
734 517 899 598 numerum
916 531 1054 596 omnium
1069 529 1294 608 columnarum,
1308 550 1427 616 neque
1443 551 1540 594 sera·

194 601 324 732 ‘ffliffiii
350 658 419 700 rum
434 658 552 714 earum,
567 637 714 726 quoniam
737 659 800 702 non
821 635 1034 702 communicat
1052 641 1238 722 argumento
1259 653 1385 699 comm.
1443 635 1540 716 Quid

185 762 334 772 -“-
350 746 456 804 uutem
482 740 584 806 oleum
608 741 775 820 unctionis,
796 738 882 826 quod
903 760 997 804 omne
1023 736 1259 804 tabernaculum
1281 738 1540 803 sanctificavit!

184 811 318 898 inimi
352 841 503 908 Fortasse
529 843 622 908 latuit
645 843 848 921 salvatorem,
869 849 926 908 ant
947 841 1121 907 dormiente
1144 841 1250 907 Matre
1269 861 1386 904 eorum
1412 841 1539 906 Demi·

350 968 446 1032 urgus
468 967 488 1011 a
510 947 679 1033 semetipso
705 948 744 1012 de
769 946 906 1034 pondere
931 944 1100 1032 praeeepit:
1129 944 1212 1009 unde
1239 952 1274 1008 et
1301 943 1466 1009 dissonat
1492 945 1537 1009 ad

247 1099 252 1110 .
292 1082 312 1111 c
351 1048 498 1113 Pleroma
511 1071 630 1128 corum,
647 1053 796 1136 ¹smymae
811 1048 937 1137 quidem
951 1049 1071 1114 babens
1085 1047 1179 1114 siclos
1191 1046 1413 1134 quingentos:
1442 1048 1537 1112 ireos

217 1130 228 1158 ⁰
282 1145 287 1156 '
352 1173 384 1230 n,
399 1151 566 1216 cinamomi
586 1175 653 1230 ocu,
677 1152 834 1218 oalamisci
859 1175 927 1231 ccc,
946 1160 980 1217 et
1001 1173 1095 1236 super
1115 1150 1184 1215 haec
1205 1150 1320 1227 oleum,
1344 1151 1396 1215 ita
1422 1159 1465 1216 nt
1490 1174 1534 1215 ex

205 1287 218 1314 ι
249 1306 252 1314 .
350 1253 486 1342 quinque
500 1254 791 1320 ²commixtionibue
805 1254 967 1322 subsistat.
1008 1253 1054 1319 Et
1067 1253 1227 1320 incensum
1242 1262 1354 1318 autem
1368 1253 1535 1320 similiter

218 1333 230 1363 ⁰
283 1353 287 1362 ’
351 1357 390 1422 de
411 1365 523 1436 stacte,
538 1367 572 1423 et
592 1358 719 1445 ungule,
735 1367 767 1423 et
788 1359 932 1446 galbano,
950 1363 983 1423 et
1004 1356 1186 1444 hedyosmo,
1208 1365 1241 1420 et
1262 1356 1371 1435 thure,
1388 1378 1470 1444 quae
1496 1359 1531 1421 iu

350 1459 435 1525 nullo
449 1461 678 1528 communicare
692 1469 823 1554 possunt
837 1483 939 1552 neque
953 1457 1236 1540 commixtionibus,
1248 1479 1354 1549 neque
1364 1460 1529 1550 pondere,

350 1571 536 1651 argumento
550 1585 668 1632 eorum.

773 1797 875 1865 (lAP.
900 1797 1082 1864 XXXVI.

353 1937 540 2029 Quomodo
568 1937 686 2014 omnis
702 1965 875 2015 nummos
899 1951 1064 2016 cooetcrc
1083 1947 1201 2037 potest
1224 1937 1521 2040 crcScriptcn'c,

426 2069 459 2130 ct
472 2069 581 2155 typos
597 2054 677 2130 clici
693 2057 811 2132 omnis
830 2055 1062 2156 orpomcoti:
1084 2056 1132 2131 de
1148 2053 1285 2149 dicbus,
1298 2071 1333 2133 ct
1349 2060 1473 2154 bone,
1489 2079 1523 2138 ct

424 2171 1519 2280 mensibus,etoocobolie,cteyllobic;chmco,etoona9ioto

426 2315 552 2365 ccccm
577 2290 711 2383 ovidio,
737 2318 782 2368 ccc
807 2293 937 2393 quobus
960 2321 1039 2371 coc
1058 2299 1178 2397 perdit
1203 2311 1236 2375 ct
1261 2297 1422 2375 inventa
1448 2315 1518 2384 eet:

425 2419 458 2482 ct
477 2407 653 2507 quoniam
667 2435 740 2486 ooo
751 2409 869 2511 poscit
887 2425 1053 2490 constare
1063 2442 1139 2517 per
1155 2442 1325 2493 comoros
1340 2418 1496 2494 veritos.

352 2580 382 2641 l.
430 2575 706 2641 lunsrsonsnrnn
721 2585 770 2644 cst
783 2600 861 2665 ergo
874 2586 908 2643 et
922 2579 1048 2646 omniuo
1061 2583 1264 2663 rusticanum,
1277 2584 1311 2649 in
1321 2585 1516 2651 sublimibus
1526 2599 1546 2636 o
1555 2597 1573 2631 :a

350 2677 475 2767 quidem
494 2685 527 2744 ct
541 2677 783 2766 elegantioribus
795 2680 875 2768 legia
889 2703 951 2746 non
966 2692 1106 2750 servatos
1119 2707 1189 2752 esse
1202 2694 1314 2773 typos:
1336 2689 1372 2753 in
1386 2692 1515 2756 caetcrin

350 2789 467 2860 autem,
483 2781 582 2846 neubi
598 2781 709 2868 aliquis
723 2804 871 2848 numerus
885 2786 1040 2850 concurrit
1054 2809 1126 2853 cum
1146 2788 1196 2853 bis
1217 2811 1289 2876 quae
1306 2790 1369 2877 ipsi
1387 2793 1513 2868 dicunt,

350 2891 444 2971 typus
458 2905 527 2950 esee
541 2905 718 2950 asseverare
737 2906 846 2951 eorum
868 2909 938 2973 qnae
959 2898 1034 2954 sunt
1057 2889 1090 2954 in
1106 2891 1294 2971 Pleromate,
1309 2915 1385 2959 cum
1408 2897 1514 2961 omnis

349 3007 498 3052 numerus
512 2986 680 3052 multifaric
694 2987 726 3051 in
740 2987 902 3074 scripturis
915 2989 958 3054 eit
971 2990 1109 3078 positus:
1131 2993 1177 3059 ita
1190 3003 1227 3059 ut
1240 2995 1341 3081 possit
1355 2998 1412 3084 qui
1427 2999 1512 3074 velit,

350 3109 414 3153 non
427 3087 529 3152 solum
548 3089 779 3155 octonationem
793 3097 826 3154 et
840 3091 988 3157 decadem
1010 3102 1043 3158 et
1057 3093 1247 3177 duodecada,
1266 3098 1323 3164 sed
1336 3101 1512 3186 quemlibet

350 3213 389 3257 cx
401 3190 562 3278 scripturis
570 3192 760 3258 constituere
774 3213 946 3272 numerum,
956 3197 1081 3264 ethnnc
1092 3205 1279 3286 typumcsse
1292 3201 1512 3270 ’commentati

349 3317 371 3361 a
385 3317 420 3361 se
434 3317 558 3362 erroris.

417 3407 448 3470 2.
493 3404 575 3486 Quia
603 3411 710 3468 antem
737 3403 797 3470 hoc
821 3427 928 3471 verum
952 3415 1012 3487 est,
1036 3431 1184 3478 numerus
1209 3411 1269 3479 iste
1294 3414 1348 3501 qui
1370 3417 1512 3506 quinque

351 3507 474 3586 dicitur,
494 3507 527 3572 in
546 3507 631 3573 nullo
651 3507 885 3574 communicans
905 3522 1090 3597 argumento
1110 3536 1227 3596 eorum,
1243 3538 1301 3583 nec
1319 3539 1512 3586 concurrem

350 3611 502 3696 figmento
513 3631 629 3687 eorum,
641 3631 697 3675 nec
712 3611 898 3678 conveniens
912 3613 958 3679 eis
972 3615 1013 3678 ad
1026 3615 1162 3702 typicam
1176 3641 1284 3685 eorum
1299 3644 1370 3710 quae
1384 3633 1462 3688 sunt
1477 3625 1511 3688 in

187 3709 299 3795 {llll-¹¹¹·
309 3709 339 3754 ¹⁹·
353 3711 532 3776 Pleromate
550 3711 857 3795 demonstrationem,
873 3737 913 3780 cx
934 3717 1096 3804 scripturis
1114 3721 1160 3787 sic
1182 3723 1331 3811 suscipiet
1348 3727 1512 3812 probatio

187 3801 327 3888 ,¹3¹²st
350 3833 433 3878 nem.
478 3811 572 3877 Soter
599 3833 713 3878 nomen
741 3815 878 3903 quinque
905 3816 1075 3899 literarum,
1101 3830 1135 3887 et
1156 3823 1255 3890 Pater
1279 3834 1386 3892 autem
1410 3827 1512 3895 babet

187 3894 337 4036 {fimo
350 3915 486 4004 quinque
499 3914 625 3992 literasr
649 3917 706 3984 sed
719 3927 752 3983 et
767 3918 898 4006 ‘Agapc
916 3930 991 3987 sunt
1011 3921 1110 3990 literae
1127 3926 1273 4015 quinque,
1294 3937 1327 3994 et
1348 3929 1513 3998 Dominus

187 4034 216 4074 1¹·
350 4027 457 4085 noster
470 4040 567 4106 panes
582 4018 717 4106 quinque
731 4022 928 4108 benedicens,
938 4024 1064 4092 satiavit
1072 4027 1234 4094 bominum
1243 4031 1380 4119 quinque
1391 4033 1509 4102 millia:

400 4181 530 4244 ¹amymoe
551 4181 595 4232 dcc.
639 4181 691 4231 For
712 4183 781 4232 theca
802 4184 903 4234 varioua
1001 4186 1013 4219 ⁸
1039 4191 1083 4250 τῆς
1111 4195 1341 4256 πραγματευομένης
1367 4196 1398 4245 δι’
1427 4199 1513 4247 atra

351 4263 476 4326 ἀρώματα,
489 4279 530 4312 cce
541 4261 714 4315 Fauaanann.
728 4265 754 4312 in
765 4264 868 4314 (ἕως.
953 4271 1053 4330 πλάνης.

399 4343 641 4395 'commicticnibon
670 4344 774 4394 Instead
803 4346 832 4394 of
858 4347 903 4396 the
1000 4350 1261 4405 ‘'lbeAauua.and
1276 4356 1365 4407 Mauo
1379 4370 1409 4407 11.
1423 4357 1507 4410 MSS.

349 4431 411 4476 ucat
429 4425 504 4486 word,
524 4427 567 4475 the
586 4427 671 4476 writer
691 4427 720 4476 oi
738 4428 782 4478 the
799 4429 899 4481 Cum.
952 4430 1118 4493 barenorum,
1132 4435 1175 4483 the
1186 4434 1287 4485 calu.
1300 4451 1357 4486 m.
1392 4437 1509 4502 Perhaps

350 4507 417 4567 Ms,
436 4507 518 4570 locing
534 4507 573 4556 hia
590 4508 668 4572 place,
686 4511 819 4561 concludes
831 4513 902 4574 with,
953 4513 1280 4575 inconsummatum
1290 4519 1509 4580 τοὺομαἋγιιὴ

349 4602 423 4650 oeque
430 4588 689 4652 percolerent-pemmo
699 4605 788 4641 cocum.
953 4592 1090 4653 γράμματά
1101 4597 1154 4644 ἐστι
1165 4597 1246 4646 πέντε.
