3225 5184
497 419 546 472 ET
570 419 700 474 PASSIO
726 419 891 475 SOPHIAE.
1206 403 1274 468 323

20 615 22 648 ,
116 573 262 652 validam,
278 579 311 638 et
326 594 396 658 quae
418 575 693 650 non¹accederet;
717 576 898 643 nouaclum
915 575 983 661 ipse
1002 597 1067 640 non
1081 574 1275 661 periclitatus
1314 587 1409 672 Μ

116 677 282 762 corrumpi,
298 677 354 741 sed
374 685 406 742 et
428 684 607 761 corruptum
626 677 784 743 hominem
807 678 943 744 firmavit
963 681 1073 744 robore
1095 699 1163 756 suo,
1186 685 1219 742 et
1240 677 1274 741 in
1320 680 1404 764 2343}
1507 672 1508 675 '

1303 771 1419 812 masan.

20 829 21 862 ,
116 781 378 864 incorruptionem
392 780 557 846 revocavit.
602 781 647 846 Et
662 781 749 846 AEon
764 781 889 867 quidem
903 803 1015 866 passus
1034 790 1083 846 est
1096 781 1273 866 passionem
1329 821 1394 858 „A

116 883 184 967 ipse
195 883 354 968 requirens
369 883 507 961 Patrem,
523 891 556 948 et
570 905 632 948 non
647 883 818 968 praeualens
832 884 981 949 invenire:
999 885 1153 950 Dominus
1167 892 1273 949 autem
1288 894 1434 905 ‘’-

116 1007 229 1069 passus
243 993 302 1062 est,
318 992 354 1049 ut
368 1005 423 1050 eos
437 985 490 1068 qui
509 993 690 1049 erraverunt
703 1007 723 1049 a
738 985 845 1064 Patre,
860 986 902 1050 ad
915 985 1117 1073 agnitionem,
1132 993 1166 1052 et
1180 985 1275 1070 juxta

21 1139 24 1146 .
117 1109 191 1152 enm
215 1087 393 1153 adduceret.
443 1087 489 1152 Et
513 1086 555 1150 illi
580 1086 705 1172 quidem
731 1087 892 1172 inquisitio
914 1089 1139 1176 magnitudinis
1168 1088 1275 1155 Patris

20 1241 25 1282 ς
118 1193 215 1258 fiebat
235 1193 337 1276 pumio
355 1191 555 1276 perditionis:
578 1191 669 1255 nobis
690 1200 798 1256 autem
817 1191 974 1257 Dominus
996 1215 1116 1277 passus,
1140 1195 1276 1281 agnitio-

120 1315 193 1358 nem
208 1295 316 1359 Patris
337 1294 508 1372 conserens,
523 1293 656 1359 salutem
677 1293 814 1359 donavit.
857 1295 902 1358 Et
924 1294 1007 1360 illius
1024 1297 1149 1382 quidem
1171 1296 1275 1382 passio

20 1431 22 1440 ν
120 1396 319 1464 fructificavit
346 1398 482 1462 fructum
511 1396 702 1475 loemineum,
724 1397 806 1462 sicut
832 1397 1149 1476 dicuntinvalidnm,
1173 1398 1276 1463 etin·

120 1500 256 1577 firmum,
271 1508 304 1565 et
317 1499 491 1578 informem,
506 1507 539 1564 et
552 1499 761 1564 inefficacem:
785 1499 877 1563 istius
898 1507 1004 1564 autem
1021 1500 1124 1586 passio
1146 1499 1277 1564 t'ruotifi-

20 1659 23 1698 ς
122 1603 204 1668 cavit
224 1602 437 1668 fortitudinem
461 1611 494 1668 et
517 1603 673 1668 virtutem.
717 1603 892 1668 Ascendere
914 1605 1055 1668 enimin
1079 1604 1276 1668 altitudinem
1289 1613 1427 1657 retunso,

20 1767 22 1784 ,
122 1705 278 1770 Dominus
296 1727 351 1792 per
369 1705 554 1792 passionem,
570 1705 725 1790 captiuum
744 1705 836 1770 duait
853 1706 1072 1790 captivitatem,
1091 1706 1178 1771 dedit
1195 1705 1277 1770 dono

1288 1660 1406 1709 nupntv.
1415 1662 1435 1699 tt.

20 1869 22 1906 ἱ
121 1809 300 1888 dominibus,
311 1817 345 1874 et
359 1809 490 1874 contulit
504 1807 701 1874 credentibus
714 1808 746 1872 in
757 1829 792 1872 se
804 1830 896 1895 anper
908 1818 1056 1894 aspectas
1068 1818 1097 1874 et
1109 1811 1278 1895 campiones
1289 1821 1369 1862 Lm
1378 1821 1408 1860 ¹2

20 1973 21 1976 ,
122 1912 252 1989 calcare,
267 1922 296 1978 et
315 1933 408 1998 super
428 1933 542 1976 omnem
559 1911 701 1976 uinctam
717 1911 849 1990 inimici,
865 1911 897 1975 id
910 1919 969 1988 est,
984 1911 1132 1998 principis
1151 1919 1278 1997 aposte-

20 2001 22 2010 ’
121 2015 187 2080 siae.
234 2016 278 2081 Et
301 2015 455 2080 Dominus
476 2013 600 2101 quidem
622 2013 873 2099 perpessionem
893 2022 1027 2080 mortem
1047 2013 1219 2090 destruxit3
1242 2022 1277 2080 et

121 2118 212 2183 solvit
245 2138 390 2196 errorem,
417 2115 705 2202 corruptionemque
735 2115 963 2195 exterminavit,
995 2124 1028 2182 et
1067 2116 1277 2203 ignorantiam

121 2221 295 2296 destruxit3
325 2221 422 2286 vitam
443 2229 550 2285 nutem
575 2218 794 2296 manifestavit,
821 2227 855 2284 et
879 2219 1016 2285 ostendit
1044 2220 1217 2300 veritatem,
1242 2230 1277 2287 et

121 2323 381 2411 incorruptionem
403 2321 541 2388 donavit.
588 2321 716 2387 lllorum
740 2329 846 2387 antem
865 2323 957 2387 AEon
976 2345 1049 2386 eum
1071 2324 1182 2389 luisset
1207 2346 1277 2409 per-

121 2447 240 2511 pessus,
263 2423 470 2511 ignorantiam
505 2421 695 2501 2substituit,
720 2422 929 2488 substantiam
955 2424 1119 2489 informem
1145 2426 1275 2510 peperit,

122 2549 162 2592 ex
184 2549 246 2612 qua
264 2527 367 2591 omnia
385 2525 558 2591 materialia
576 2546 670 2611 opera
686 2523 807 2610 prolata
825 2531 900 2588 sunt
917 2526 1088 2590 secundum
1102 2549 1166 2606 eos,
1180 2550 1275 2606 mors,

122 2629 287 2715 corruptio,
302 2650 396 2706 error,
410 2627 507 2693 ethis
521 2627 643 2692 similia.

187 2735 219 2798 3.
266 2730 339 2795 Non
359 2751 433 2816 ergo
455 2729 478 2793 J
480 2729 557 2794 udas
579 2729 779 2795 duodecimus
800 2730 969 2817 discipulus
989 2739 1083 2819 typus
1104 2741 1171 2797 erat
1192 2734 1275 2820 passi

122 2833 260 2908 AEonis;
277 2833 332 2898 sed
346 2853 447 2917 neque
461 2831 588 2897 Domini
604 2833 700 2898 nostri
715 2833 837 2919 passio:
854 2857 909 2921 per
922 2836 1027 2901 omnia
1037 2836 1120 2902 enirn
1129 2837 1277 2903 dissimile

122 2945 154 3002 et
170 2936 388 3002 inconveniens
401 2935 550 3000 ³invicem
563 2935 623 3001 sibi
638 2944 797 3002 ostensum
813 2947 872 3017 est,
886 2961 950 3005 non
963 2941 1064 3006 solum
1083 2941 1116 3006 in
1134 2941 1185 3006 his
1206 2964 1276 3028 quae

122 3037 331 3126 praediximus,
346 3037 401 3102 sed
415 3037 584 3102 secundum
599 3039 698 3125 ipsum
708 3061 881 3106 nnmerum.
915 3042 1060 3107 Proditor
1070 3043 1152 3107 enim
1162 3044 1186 3108 J
1188 3045 1275 3124 udas,

122 3142 205 3228 quod
219 3141 261 3206 sit
276 3140 476 3206 duodecimus
491 3141 575 3227 apud
590 3163 698 3207 omnes
715 3153 866 3208 consonat
880 3143 1042 3210 duodecim
1056 3147 1277 3212 ⁴denominatis

123 3242 285 3329 Apostolis
307 3243 340 3308 in
363 3241 553 3330 Evangeli03
580 3243 631 3310 hic
654 3253 760 3310 autem
786 3247 878 3311 AEon
899 3269 963 3312 non
985 3247 1195 3327 duodecimus,
1219 3251 1276 3316 sed

34 3406 40 3416 .
89 3403 94 3413 .
123 3347 298 3412 tricesimus
326 3355 395 3411 est:
429 3367 492 3410 non
520 3347 603 3411 enim
629 3348 790 3413 duodecim
819 3358 942 3414 tanturn
965 3351 1091 3417 AEones
1118 3352 1277 3420 voluntate

124 3451 229 3516 Patris
240 3448 350 3536 prolati
361 3457 434 3514 sunt
446 3451 615 3516 secundum
624 3451 702 3530 haec,
711 3473 811 3538 neque
820 3452 1019 3518 duodecimus
1031 3455 1137 3521 ordine
1145 3457 1278 3522 emissus

122 3561 181 3632 est,
196 3553 229 3616 in
245 3551 400 3618 tricesimo
414 3552 482 3618 loco
496 3563 736 3621 annumerantes
750 3578 821 3621 eum
833 3557 989 3624 emissum.
1027 3557 1188 3640 Quomodo
1202 3582 1277 3648 ergo

122 3657 322 3723 duodecimus
340 3655 447 3720 ordine
460 3657 570 3736 ludas,
586 3659 654 3744 ejus
676 3659 728 3745 qui
750 3658 782 3722 in
802 3659 960 3727 tricesimo
982 3662 1090 3727 ordine
1110 3671 1159 3729 est
1173 3665 1276 3746 AEon,

122 3769 309 3849 potestesse
323 3769 415 3848 typus
430 3769 463 3826 et
477 3760 600 3849 imago?
616 3763 649 3828 Si
664 3771 769 3828 autem
780 3763 805 3828 J
807 3765 900 3830 udam
914 3775 1095 3852 pereuntem
1109 3767 1277 3856 imaginem

124 3864 354 3950 Enthymeseos
368 3863 437 3950 ejus
450 3884 519 3928 esse
533 3864 659 3940 dicunt;
675 3887 732 3931 nec
752 3865 797 3931 sic
811 3866 915 3954 imago
929 3869 1038 3934 similis
1052 3870 1110 3934 erit
1124 3871 1192 3956 ejus
1206 3894 1276 3956 quae

124 3967 293 4034 secundum
307 3988 378 4031 eum
393 3974 442 4031 est
456 3967 604 4033 veritatis.
642 3967 845 4054 Enthymesis
858 3970 940 4033 euim
955 3981 1099 4057 separata
1112 3974 1153 4036 ab
1167 3974 1277 4040 AEone

124 4070 192 4156 ipsa
212 4077 322 4155 postea
342 4067 509 4133 lormataa
525 4068 659 4149 Christo,
675 4070 786 4136 dehinc
807 4071 943 4156 pmdens
963 4073 1083 4138 lactan
1107 4072 1276 4151 Salvatore,

124 4182 157 4239 et
168 4173 272 4238 omnia
284 4195 353 4257 quae
368 4180 442 4238 sunt
455 4179 545 4237 extra
560 4172 704 4238 Pleroma
719 4182 847 4258 operata
859 4174 1029 4239 secundum
1043 4175 1211 4262 imaginem
1225 4199 1277 4242 eo-

124 4299 192 4340 rum
208 4275 261 4360 qui
275 4283 349 4340 sunt
363 4274 395 4338 in
411 4275 597 4353 Pleromate,
609 4274 642 4338 in
656 4275 864 4341 novissimoin
874 4276 1020 4342 Pleroma
1030 4278 1279 4365 receptadieitur

173 4414 184 4448 ¹
201 4416 262 4474 Aa,
272 4414 362 4475 Voss,
376 4413 443 4462 Em).
457 4412 562 4469 cederem
573 4412 673 4464 Cultu.
775 4412 785 4444 ¹
802 4413 930 4475 subsiluit,
946 4416 1074 4476 ὑπέστησε,
1087 4416 1126 4464 lor
1140 4417 1275 4478 ἀπέστησε,

125 4511 178 4550 neoc
186 4498 248 4558 leret,
257 4495 529 4560 indicatingneeiderot5
539 4495 582 4545 the
593 4495 675 4546 Greek
726 4512 765 4544 see
776 4513 802 4561 p.
817 4511 855 4561 39,
869 4514 895 4548 n.
909 4510 933 4559 5.

126 4580 209 4629 would
226 4581 256 4628 bo
276 4580 351 4629 πάθος
371 4580 500 4628 ἔπαθεν...
512 4615 518 4628 .
529 4577 568 4628 καὶ
590 4579 617 4628 οὐ
635 4596 674 4626 ru·
775 4579 785 4608 ¹
803 4579 918 4627 Salam
929 4579 1058 4644 carelessly
1068 4581 1141 4629 omits
1153 4579 1260 4630 invicem.

126 4661 177 4722 χόν.
776 4660 785 4688 ⁴
798 4661 929 4709 δωδέκατος
940 4662 988 4709 τῶν
993 4662 1085 4711 δώδεκα
1093 4662 1275 4723 ὀνομαζομένων.
