3225 5184
330 399 398 466 362
685 415 796 470 vana
822 415 1115 470 nmsnrvoonun

161 587 252 675 uturp.
261 589 312 630 ιιιι.
331 569 384 658 qui
398 575 505 635 autem
518 567 593 636 isoit
605 569 734 658 angelos
754 591 830 637 suos
848 571 987 657 spiritus,
1001 580 1036 637 et
1049 569 1189 636 induitur
1202 569 1320 636 lumine
1336 570 1491 657 quemad·

163 664 303 768 *ffigffll
331 674 458 740 modum
478 675 615 763 pallium,
639 682 672 740 et
694 675 778 742 velut
801 675 834 741 in
855 697 951 741 mauu
969 683 1058 742 tenet
1080 694 1192 764 gyrum
1207 683 1311 752 terres,
1330 673 1372 738 ad
1394 695 1490 760 quern

198 786 248 816 ¹¹⁸
259 777 276 814 ¹·
332 778 543 845 inhabitantes
563 800 633 846 earn
656 778 740 845 velut
762 780 892 846 locustae
915 787 990 846 sunt
1010 778 1162 867 deputati,
1180 785 1214 844 et
1230 779 1382 844 uuiversae
1397 777 1490 864 spiri·

165 887 304 986 ffifgf·
331 882 404 948 talis
417 884 601 950 substantive
614 884 821 972 Demiurgum
834 893 868 950 et
883 885 1053 951 Dominum
1067 884 1233 949 animalem
1246 904 1316 948 esse
1328 882 1488 948 dieentes:

165 983 195 1020 ²²
332 985 507 1052 indubitate
521 996 554 1052 et
563 1007 634 1052 vere
648 1009 739 1053 suam
755 989 925 1053 ostendunt
939 988 1103 1066 insaniam,
1118 993 1152 1052 et
1166 987 1250 1051 velut
1263 1007 1337 1050 vere
1350 984 1391 1050 de
1405 983 1490 1049 toni-

333 1097 405 1154 truo
419 1091 556 1176 percussi
571 1113 665 1176 super
678 1113 733 1158 eos
748 1092 800 1178 qui
815 1091 928 1158 tabulis
939 1092 1114 1157 reseruntur
1123 1091 1287 1178 Gigantes,
1302 1089 1492 1155 extollentes

333 1193 506 1260 sententias
527 1194 675 1260 adversus
697 1194 813 1273 Deum,
831 1194 1053 1280 praesumtione
1074 1215 1155 1259 vana
1176 1202 1210 1258 et
1228 1191 1366 1257 instabili
1388 1189 1558 1277 glor-ianm

333 1296 455 1376 tumidi,
471 1298 584 1383 quibus
597 1297 748 1363 universae
767 1306 859 1363 terrae
884 1298 1072 1364 ¹elleborum
1095 1319 1159 1362 non
1181 1297 1297 1362 suffieit
1312 1295 1354 1360 ad
1373 1315 1490 1381 expur-

334 1400 503 1488 gationem,
518 1402 565 1467 uti
580 1410 725 1468 evomant
739 1409 862 1467 tantam
875 1423 966 1467 suam
984 1401 1161 1468 stultitiam.
1204 1400 1391 1465 ’Meliorem
1406 1399 1490 1464 enirn

335 1527 375 1569 ex
398 1505 542 1591 operibus
565 1513 688 1592 oportet
707 1503 840 1570 ostendi.
887 1503 982 1570 Unde
1002 1505 1099 1592 igitur
1115 1504 1301 1591 semetipsos
1318 1501 1491 1568 ostendunt

335 1607 508 1695 Demiurgo
531 1609 683 1688 meliores,
703 1608 764 1696 (uti
785 1617 819 1674 et
836 1629 895 1674 nos
914 1608 955 1673 ad
972 1608 1166 1693 impietatem
1179 1615 1308 1694 propter
1319 1605 1490 1672 nenessita-

333 1717 399 1774 tem
413 1711 566 1777 sermonis
580 1711 793 1800 devergamus,
816 1710 878 1776 Dei
895 1719 929 1777 et
945 1710 1124 1776 insanorum
1144 1710 1305 1776 hominurn
1328 1729 1489 1796 compara·

334 1811 451 1878 tionem
480 1811 640 1894 iacientes,
672 1827 705 1880 et
733 1814 766 1878 in
791 1813 1093 1902 argumentationem
1121 1833 1228 1879 eorum
1253 1812 1488 1891 deseendentes,

334 1937 418 2000 saepe
447 1937 503 2003 per
530 1920 654 2004 propria
682 1917 820 2004 ipsorum
845 1918 995 2004 dogmata
1023 1923 1190 2003 arguentes
1218 1937 1291 1982 eos:
1314 1917 1370 1982 sed
1400 1915 1489 1981 nobis

335 2019 460 2104 quidem
486 2019 639 2106 propitius
661 2019 704 2085 sit
732 2020 840 2094 Deus;
872 2018 1042 2084 nonenim
1070 2017 1131 2084 illia
1159 2039 1231 2084 eum
1260 2026 1487 2103 eomparantoe.

335 2122 390 2186 sed
407 2130 584 2208 arguentes,
599 2131 633 2188 et
655 2131 830 2214 evertentes
850 2122 971 2187 illomm
993 2121 1155 2201 insaniam,
1170 2120 1304 2186 dicimus
1321 2120 1421 2201 haee),
1436 2119 1487 2184 'ad

335 2245 413 2309 quos
427 2231 610 2310 stupescunt
625 2223 714 2290 multi
728 2224 967 2304 insensatorum,
983 2224 1071 2312 quasi
1087 2223 1156 2311 plus
1174 2223 1292 2310 aliquid
1305 2225 1393 2308 ⁴ipsa
1413 2223 1487 2288 veri·

334 2337 401 2393 tate
415 2329 455 2393 ab
470 2328 515 2393 eis
530 2337 658 2414 possent
672 2329 809 2396 disceret

287 2485 292 2496 .
399 2433 430 2496 2.
453 2431 499 2496 Et
513 2431 588 2496 illud
603 2433 686 2517 quod
706 2433 856 2518 seriptum
875 2440 934 2512 est,
960 2433 1101 2513 Qrtoertte,
1125 2442 1153 2497 et
1173 2430 1344 2508 inuenietis,
1365 2429 1409 2495 ad
1429 2430 1484 2494 hoo
1496 2439 1554 2481 *¹⁶¹-

334 2534 453 2600 diotum
482 2555 552 2600 esse
580 2535 833 2622 interpretentur,
864 2535 911 2600 uti
946 2557 1040 2620 super
1068 2533 1275 2620 Demiurgum
1303 2533 1484 2619 semetipsos

332 2638 541 2718 adinveniant,
557 2641 691 2725 majores
702 2650 735 2704 et
748 2638 893 2704 meliores
903 2645 1051 2705 vocantes
1064 2637 1248 2721 semetipsos
1263 2657 1357 2721 quam
1373 2636 1484 2709 Deum,

333 2749 365 2806 et
380 2742 564 2827 semetipsos
578 2742 743 2828 spiritales,
761 2742 968 2829 Demiurgum
983 2750 1089 2808 autem
1103 2741 1288 2806 animalem:
1308 2748 1341 2804 et
1363 2747 1484 2826 propter

332 2843 401 2922 hoc,
417 2845 675 2930 superascendere
689 2867 743 2911 eos
757 2867 850 2932 super
864 2847 986 2911 Deum:
1010 2853 1092 2910 etse
1107 2843 1231 2929 quidem
1246 2845 1329 2907 intra
1344 2843 1484 2908 Pleroma

332 2949 451 3027 oedere,
483 2949 586 3013 Deum
615 2957 721 3014 autem
746 2949 780 3013 in
809 2948 986 3014 medietatis
1010 2949 1089 3014 loeo.
1133 2948 1188 3012 Ab
1214 2946 1359 3031 operibus
1384 2947 1483 3030 itaque

332 3052 499 3116 ostendant
520 3052 705 3139 semetipsos
728 3053 901 3140 Demiurgo
915 3053 1077 3127 meliores;
1100 3052 1270 3118 nonenim
1291 3051 1325 3115 in
1345 3074 1384 3116 eo
1407 3049 1484 3137 quod

334 3153 456 3234 dieitur,
472 3156 528 3220 sed
544 3154 576 3219 in
591 3157 723 3241 eoquod
737 3163 796 3234 est,
811 3156 920 3221 melior
934 3155 1056 3223 ostendi
1070 3157 1174 3220 debet.

203 3293 255 3368 nef.
273 3339 313 3370 n.
411 3301 504 3372 ⁵0v'r
523 3303 556 3372 ἐν
575 3304 625 3393 τῷ
642 3301 763 3394 λέγειν,
775 3300 852 3372 ἄλλ’
873 3301 906 3371 ἕν
923 3307 975 3391 τῷ
989 3299 1068 3372 εἶναι
1088 3301 1106 3370 ὁ
1126 3302 1285 3400 κρείττων
1302 3299 1480 3374 δείκνυσθαι

261 3403 290 3416 ..
334 3415 462 3514 ὀφείλει
494 3410 537 3521 [f.
555 3419 575 3485 l.
593 3409 718 3518 φιλεῖ].

396 3567 429 3630 3.
470 3563 560 3646 Quod
571 3563 667 3650 igitur
681 3585 759 3651 opus
772 3564 991 3628 monstrabunt
1007 3585 1062 3647 per
1079 3561 1265 3648 semetipsos
1278 3585 1300 3630 a
1315 3563 1480 3637 salvatore,

330 3667 429 3732 sivea
445 3665 551 3732 Matre
571 3655 708 3752 ipsorum
728 3666 856 3745 factum,
870 3675 926 3731 aut
947 3667 1058 3752 majus,
1082 3674 1137 3731 aut
1154 3665 1354 3754 splendidius,
1369 3678 1426 3734 ant
1438 3688 1481 3731 ra·

331 3768 509 3836 tionabiliua
522 3771 573 3835 his
587 3792 656 3855 quae
672 3769 843 3835 factasunt
864 3770 925 3834 ⁶ab
946 3767 1016 3847 hoo,
1040 3769 1092 3855 qui
1113 3769 1182 3835 haee
1197 3771 1302 3836 omnia
1316 3770 1481 3859 disposuit!

380 3915 536 3966 ¹Iunrnus
553 3933 604 3966 veae
627 3915 754 3981 evidently
770 3915 886 3966 areader
983 3913 1049 3964 ‘Gt
1063 3931 1088 3980 p.
1099 3930 1122 3978 3.

332 3997 361 4048 ot'
374 3997 496 4060 Hostus,
514 3998 565 4048 and
583 3998 634 4048 had
650 3999 676 4048 in
693 4000 733 4049 his
752 3999 822 4048 mind
841 3999 886 4048 tho
985 3997 1066 4046 '1100
1076 3997 1246 4060 ,ἠκμακέναι
1258 3997 1404 4048 Friderieaa
1412 3999 1481 4049 use

332 4079 466 4140 Horatian,
479 4079 557 4130 tridua
566 4081 692 4144 Anticyn'a
703 4089 775 4146 eaput
786 4081 886 4130 intono·
935 4087 999 4129 terna
1023 4095 1036 4128 e
1059 4079 1147 4130 maie
1173 4077 1290 4130 Votiooao
1312 4093 1411 4140 nam,
1440 4091 1480 4142 pst

332 4162 386 4213 uu.
421 4163 462 4226 (A.
475 4161 506 4213 Ρ.
521 4163 588 4226 ³00·l
935 4161 1088 4210 ιιιιιιίιιιιιιιιι·
1110 4161 1212 4222 Galeam,
1235 4161 1359 4224 metipsis
1377 4169 1400 4212 α
1414 4162 1481 4226 Μ

380 4243 529 4308 repente
564 4244 617 4294 vn
634 4245 743 4307 canna,
766 4247 817 4296 sn.
836 4243 886 4294 ene
935 4243 1021 4292 ma
1041 4242 1147 4292 rama
1169 4243 1245 4293 aas.
1265 4243 1344 4306 (rae.
1363 4257 1383 4294 ι.
1401 4261 1426 4310 μ
1443 4240 1480 4305 ιι)

333 4325 422 4375 Maro.
445 4337 476 4376 n.
501 4325 577 4376 Mus
601 4325 698 4377 Melior.
742 4327 795 4376 'l'he
818 4325 884 4376 Edd.
932 4323 1029 4387 publici
1045 4323 1112 4388 jusu
1128 4323 1197 4387 feeit.
1226 4325 1261 4373 Ιιι
1284 4323 1372 4374 codiee
1387 4326 1480 4374 ἀνω

333 4407 397 4457 have
418 4407 552 4460 Meliorem.
595 4409 716 4474 Compare
738 4409 781 4458 the
803 4411 886 4459 Greek
935 4415 967 4456 eat
982 4407 1151 4470 froprveatura
1173 4405 1213 4456 lia
1233 4407 1324 4458 media:
1351 4411 1397 4457 rot*
1417 4407 1480 4468 ἁγία

333 4489 458 4555 fragmen
472 4491 558 4552 below,
572 4491 622 4541 aud
632 4491 665 4540 its
676 4491 833 4542 translation.
935 4491 1062 4552 Dlpnmiou
1081 4491 1108 4540 ta
1130 4491 1175 4539 rot
1194 4491 1219 4554 β’
1240 4492 1345 4552 ἐλέγχον
1368 4493 1409 4540 rel
1430 4491 1479 4538 dn·

382 4572 496 4635 'Oresa
518 4575 576 4636 πρὸς
598 4571 637 4624 οὓς
660 4575 775 4636 κεχήνασι
790 4574 886 4623 ,πολλοὶ
934 4575 1079 4635 τροκῆιτῆι
1095 4575 1376 4636 poemorum.
1399 4575 1476 4624 Dm
1576 4622 1577 4629 ,

333 4653 381 4700 τῶν
392 4653 505 4712 ἀνοήτων.
524 4653 597 4704 Brun.
981 4653 1182 4705 ‘ruentum
1191 4657 1366 4720 eomparativa.
