3225 5184
74 577 150 663 tiva

72 672 98 711 vi.
110 673 137 709 la

659 401 845 458 amasam.
1260 392 1326 457 193

173 556 274 637 circos
296 570 367 637 τοῖς
398 560 583 660 ἆνθριόποις
606 562 773 660 σωτηρίαν
798 562 952 660 παρέσχε
979 558 1032 632 διά
1055 570 1112 646 τῆς
1142 561 1226 639 Illae
1253 565 1325 633 ε’πι-

173 676 332 766 γνώσεως.
385 674 503 750 Κακῶς
528 672 597 773 γάρ
621 671 827 747 διοικούντων
842 680 909 747 τῶν
928 674 1085 767 ἄγγε’λων
1103 674 1165 748 τόν
1186 678 1322 761 κόσμον,

172 784 225 857 διὰ
254 785 298 857 τό
327 790 509 885 φιλαρχεῖν
537 786 661 871 αὐτοὺς,
687 791 729 863 είς
753 789 980 888 ἐπανόρθωσιν
1005 790 1195 871 ἐληλυθέναι
1224 788 1325 862 αὖτόν

172 901 239 996 ἔφη
256 902 574 999 μεταμορφούμενον
598 902 650 970 καὶ
672 898 922 995 ἕξομαιοιίμενον
941 911 1016 978 ταῖς
1042 902 1162 1001 ἀρχαῖς
1180 902 1325 980 καὶτοῖς

173 1008 344 1104 ἐξουσίαις,
376 1013 429 1082 καὶ
463 1024 535 1089 τοῖς
567 1013 738 1104 άγγέλοις,
777 1017 817 1091 ὡς
852 1016 906 1085 καί
942 1014 1117 1112 ἄνθρωπον
1144 1016 1323 1114 φαίνεσθαι

174 1122 282 1208 αὐτόν,
321 1126 365 1208 μη
406 1126 487 1197 ὄντα
522 1124 704 1225 ἄνθρωπον,
739 1127 791 1196 καί
825 1131 943 1199 παθεῖν
971 1126 1006 1197 δὲ
1042 1130 1075 1197 ἐν
1106 1136 1149 1224 τῇ
1178 1127 1323 1221 Ἰουδαίᾳ

173 1234 371 1319 δεδοκηκὲναι
395 1238 466 1309 1καί
495 1241 540 1322 μη
567 1241 831 1311 πεπονθότα...

172 1348 260 1426 Τοὺς
290 1348 324 1419 δὲ
353 1351 533 1450 προφήτας
562 1350 631 1422 άπὸ
661 1358 727 1423 τῶν
750 1358 964 1436 κοσμοποιῶν
987 1353 1144 1445 ἆγγέλων
1165 1354 1324 1438 ε’μπνευσ-

173 1463 289 1539 θὲντας
313 1465 467 1563 εἰρηκέναι
490 1462 553 1541 τὰς
575 1466 794 1564 προφητείας.
848 1464 914 1536 Διὸ
935 1467 979 1549 μὴ
1004 1465 1196 1567 φροντίζειν
1219 1468 1323 1538 αὖτῶν

171 1575 247 1653 τοὺς
267 1578 310 1653 είς
326 1574 389 1648 τόν
406 1576 539 1660 Σίμωνα
560 1577 614 1647 καί
639 1577 700 1660 rain
718 1577 860 1660 Ἑλένην
879 1582 1153 1663 πεπιστευκότας,
1175 1576 1249 1684 [ἕως
1271 1585 1323 1649 νῦν

173 1686 340 1786 πράσσειν
360 1686 405 1761 τά
430 1683 496 1793 σά]
524 1684 565 1795 [l.
589 1690 666 1767 τοὺς
689 1688 977 1789 συμπράσσοντος
1000 1687 1042 1796 d]
1072 1694 1255 1779 βούλονται
1283 1697 1323 1769 ὥς

172 1803 387 1901 Ξἐλευθέρους·
430 1800 516 1873 κατὰ
541 1802 610 1900 γάρ
633 1804 693 1886 την
719 1806 822 1875 αὑτοῦ
844 1802 965 1905 3χάριν
1003 1804 1171 1906 σιόζεσθαι
1209 1804 1324 1881 αὖτοὺς

174 1911 354 2012 φάσκουσι·
388 1912 486 1997 μηδὲν
508 1912 577 2015 γάρ
597 1914 674 1987 εἶναι
699 1918 808 1989 αἴτιον
831 1916 915 2001 δίκης
942 1918 971 1989 εί
997 1916 1116 2017 πράξει
1140 1950 1191 1994 τις
1213 1922 1323 2001 κακῶς,

172 2100 206 2159 et
222 2094 325 2179 ipsum
342 2094 472 2171 venisse,
490 2095 539 2161 uti
557 2118 627 2161 eam
645 2106 820 2163 assumeret
837 2098 973 2184 primam
990 2104 1024 2163 et
1039 2098 1192 2163 liberaret
1208 2120 1280 2163 eam
1304 2121 1325 2163 a

171 2194 312 2271 vinculis,
330 2195 510 2261 hominibus
527 2208 636 2261 autem
653 2198 789 2263 salutem
810 2206 981 2284 praestaret
1002 2220 1061 2283 per
1079 2220 1169 2263 suam
1187 2196 1324 2285 agnitio·

171 2316 254 2359 nem.
306 2294 386 2359 Cum
404 2296 487 2361 enim
505 2296 587 2361 male
604 2298 847 2365 moderarentur
865 2298 977 2386 Angeli
992 2300 1155 2373 mundum,
1174 2298 1323 2383 quoniam

170 2394 386 2481 unusquisque
398 2418 507 2460 eorum
525 2396 761 2481 concupisceret
774 2398 998 2484 principatum,
1012 2400 1053 2463 ad
1068 2398 1323 2463 emendationem

171 2496 293 2559 venisse
311 2518 427 2569 rerum,
446 2504 480 2561 et
497 2497 695 2561 descendisse
718 2520 790 2563 sum
808 2500 1084 2585 transfiguratum,
1109 2504 1144 2563 et
1169 2498 1323 2564 assimila-

171 2602 242 2659 tum
259 2594 454 2669 Virtutibus,
473 2603 507 2661 et
525 2598 754 2671 Potestatibus,
773 2605 806 2661 et
823 2597 967 2683 Angelis,
985 2605 1073 2662 utet
1090 2597 1123 2660 in
1143 2596 1323 2662 hominibus

171 2694 267 2758 homo
283 2702 453 2779 appareret
470 2696 546 2781 ipse,
566 2718 637 2761 cum
650 2719 714 2761 non
731 2705 814 2761 esset
832 2698 948 2770 homo,
968 2703 1002 2761 et
1019 2718 1146 2782 passum
1163 2702 1272 2760 autem
1289 2696 1322 2759 in

172 2792 292 2858 Judaea
319 2803 480 2880 putatum,
510 2818 581 2861 cum
615 2818 679 2861 non
714 2806 797 2862 essct
830 2820 949 2883 passus.
1002 2796 1181 2881 Prophetas
1214 2802 1323 2861 autem

171 2894 325 2959 emundi
346 2894 591 2961 fabricatoribus
619 2896 751 2983 Angelis
776 2898 948 2983 inspiratos
976 2897 1094 2962 dixisse
1117 2896 1323 2981 prophetias:

172 3000 368 3080 quapropter
394 3018 452 3061 noc
481 2996 614 3061 ulterius
644 3006 793 3063 curarent
822 3020 876 3063 eos
902 2998 936 3061 hi
964 2998 1018 3084 qui
1049 2997 1081 3061 in
1117 3018 1189 3061 eum
1223 3004 1257 3061 et
1290 2995 1324 3059 in

174 3092 333 3159 Helenam
351 3096 418 3181 ejus
434 3118 522 3182 spem
544 3096 695 3173 habeant,
724 3104 759 3161 et
783 3106 822 3162 ut
846 3098 963 3162 liberos
987 3119 1083 3182 agere
1109 3118 1180 3181 quae
1205 3097 1324 3161 velint:

71 3218 101 3258 u.
113 3220 152 3261 rm.
171 3194 345 3258 secundum
363 3193 446 3259 enim
465 3196 563 3282 ipsius
588 3197 728 3283 gratiam
745 3198 860 3261 salvari
877 3197 1031 3270 homines,
1049 3197 1106 3259 sed
1126 3217 1190 3260 non
1213 3217 1324 3259 secun·

172 3293 249 3357 dum
283 3316 396 3379 operas
426 3296 540 3382 justas.
593 3296 662 3361 Nec
696 3296 781 3361 enim
809 3320 877 3361 esse
903 3295 1095 3361 naturaliter
1122 3295 1325 3380 operationes

221 3469 359 3519 1Βυιιιυιιι
385 3472 434 3521 and
462 3472 501 3521 Dr
528 3473 616 3533 Soorr,
642 3472 720 3521 theol.

175 3552 259 3602 Oritic.
286 3554 344 3602 Vol.
370 3567 400 3603 11.
425 3572 448 3619 p.
474 3566 529 3617 531,
560 3554 657 3603 discard
679 3555 722 3603 the

174 3636 278 3698 particle
301 3638 347 3696 καί,
372 3636 491 3701 standing
513 3652 540 3685 as
567 3638 588 3685 it
615 3637 673 3686 dces
696 3637 721 3685 in

174 3714 304 3763 MILLER'!
316 3720 368 3765 text
379 3716 462 3765 before
474 3720 631 3777 δεδοκηκέναι.
653 3718 722 3781 'I'h05

173 3795 320 3845 overlooked
353 3798 395 3847 the
427 3798 486 3859 fact,
515 3800 635 3859 however,
666 3800 723 3848 that

173 3874 343 3925 lerourrus
363 3894 413 3927 was
434 3881 540 3943 quoting
557 3881 595 3929 his
613 3880 723 3930 master's

172 3956 262 4017 words,
281 3958 324 4006 the
343 3960 490 4009 translation
514 3962 543 4009 of
561 3962 642 4011 which
665 3978 721 4011 ana-

171 4039 224 4087 hles
247 4056 276 4088 us
296 4044 322 4088 to
344 4046 437 4091 restore
459 4044 502 4091 the
520 4045 621 4107 particle
640 4050 667 4093 to
690 4047 723 4094 its

170 4138 260 4186 proper
270 4121 347 4186 place.

219 4203 231 4235 ¹
247 4204 408 4253 Turononur
424 4205 527 4271 slightly
543 4208 642 4271 departs
659 4208 721 4257 from

171 4287 214 4335 the
226 4291 280 4334 text
290 4286 319 4335 of
327 4286 506 4347 Hieromus,
517 4304 545 4337 as
556 4289 611 4337 well
622 4306 649 4337 as
660 4291 723 4339 from

170 4369 214 4416 the
233 4368 310 4417 Latin
327 4370 433 4418 version.
466 4368 546 4417 ’λλλδ
564 4370 678 4431 πράττειν
694 4372 725 4421 ὡς

171 4452 315 4513 ἐλευθέρους,
335 4452 399 4514 α’περ
417 4452 446 4499 ἀν
462 4453 620 4511 ἐθελήσωσιν·
639 4454 725 4516 ούγδρ

172 4532 210 4579 διὰ
228 4534 335 4595 πράξεων
355 4534 460 4593 ἀγαθῶν,
482 4533 547 4581 ἀλλὰ
568 4534 606 4581 διὰ
628 4534 724 4595 χάριτος

171 4615 297 4675 τεύξεσθαι
308 4617 352 4675 τῆς
363 4616 490 4677 σωτηρίαι.
511 4616 554 4663 lar.
568 4615 606 4663 rit.

272 4722 345 4771 VOL.
366 4725 386 4770 1.

823 3472 835 3505 ⁸
850 3473 903 3521 The
909 3474 1063 3523 antinomian
1071 3473 1202 3538 principles
1209 3472 1238 3521 of
1245 3472 1325 3521 Gnos-

775 3556 856 3605 ticism
872 3556 937 3604 form
953 3556 987 3620 by
1002 3572 1035 3604 no
1051 3572 1137 3605 means
1150 3555 1184 3603 its
1194 3556 1257 3604 least
1268 3570 1325 3604 con·

774 3638 889 3701 spicuous
900 3638 1033 3698 character,
1047 3638 1078 3687 ci.
1089 3650 1107 3686 1.
1121 3638 1134 3694 ἕ
1149 3652 1176 3685 rr
1189 3637 1238 3686 and
1250 3650 1325 3688 xxlv.

775 3719 946 3767 Hrrroarrus
962 3719 1084 3768 describes
1100 3719 1142 3767 the
1156 3719 1290 3783 profligacy
1301 3719 1330 3767 of

775 3801 818 3849 the
839 3801 962 3849 followers
984 3802 1013 3849 of
1033 3800 1119 3849 Simon
1147 3817 1174 3849 as
1199 3802 1273 3864 being
1300 3801 1326 3848 in

775 3883 884 3946 keeping
899 3882 961 3931 with
972 3883 1037 3930 their
1048 3888 1136 3931 tenete.
1171 3884 1202 3930 01
1218 3884 1245 3930 δὲ
1261 3884 1327 3931 αῦθιε

775 3967 877 4024 μιμηταὶ
894 3966 939 4011 τοῦ
956 3964 1048 4011 πλάνου
1068 3965 1107 4011 καὶ
1126 3965 1231 4021 Σίμωνος
1247 3964 1328 4024 μάγου

775 4048 902 4109 γινόμενοι,
927 4048 960 4093 τὰ
981 4046 1052 4103 δμοια
1074 4048 1166 4107 δρῶσιν,
1192 4045 1328 4105 ἀλογίστως

776 4131 909 4192 φάσκοντες
921 4129 969 4176 δεῖν
977 4128 1112 4189 μίγνυσθαι,
1126 4128 1244 4187 λέγοντες,
1259 4130 1329 4177 πιῖσα

776 4215 812 4273 γῆ
829 4214 871 4273 γῆ,
886 4212 927 4259 καί
943 4213 970 4258 οὐ
986 4212 1094 4273 διαφέρει
1110 4212 1158 4259 ποῦ
1173 4227 1209 4260 τις
1225 4211 1324 4273 σπείρει,

777 4296 843 4353 πλὴν
854 4295 892 4341 ἵνα
906 4294 1001 4355 σπείρῃ,
1016 4294 1081 4341 ἀλλὰ
1094 4294 1263 4356 μακαρίζουσιν
1277 4294 1329 4341 δαν·

777 4378 832 4425 τοὺς
848 4376 889 4424 ἐπὶ
905 4376 938 4436 τῇ
953 4374 1021 4434 μίξει,
1036 4376 1127 4433 ταυτην
1143 4376 1202 4423 εἶναι
1216 4376 1329 4437 λέγοντες

777 4458 822 4517 τὴν
838 4457 933 4505 τελείαν
951 4456 1092 4517 ἀγάπην...
1116 4454 1207 4505 Psilos.
1219 4468 1256 4505 vl.
1274 4469 1327 4519 191.

776 4536 846 4585 Τλοο
858 4538 941 4587 follow
952 4539 994 4587 the
1002 4538 1083 4587 words
1095 4538 1188 4601 quoted
1198 4544 1225 4586 at
1236 4555 1261 4602 p.
1275 4552 1328 4599 123,

777 4624 871 4667 noter.

1187 4712 1230 4776 13

1337 578 1391 619 ulls.
1397 579 1414 619 1.
1420 579 1489 620 xm.

1356 626 1401 665 GR
1411 626 1429 665 l.
1437 636 1475 666 xx.

1359 672 1437 711 HAS&
1447 674 1465 714 l.

1366 719 1426 757 xxiii.
1434 721 1453 759 ³.

1338 796 1489 807 ——.—-·
