3225 5184
595 433 853 488 nnasrrrmrm.
1233 419 1300 484 365

147 587 337 664 Potestatss,
359 586 485 674 Angeli,
504 587 704 676 Archangeli,
724 588 974 666 Dominationes,
991 588 1147 667 Virtutes,
1161 611 1219 674 per
1236 588 1300 675 spi·
1316 608 1369 648 tm
1379 607 1465 648 raon.

21 712 53 797 2¹
76 711 127 796 ¹133.
144 689 267 754 ritalem
290 689 476 769 enixionem,
503 692 604 779 ¹quod
635 692 821 778 semetipsos
845 714 915 758 esse
943 692 1061 771 dicunt,
1092 693 1176 758 iacta
1204 700 1298 757 sunt:
1327 657 1409 786 {4¹22}
1419 700 1455 788 ¹1¹p

49 787 56 795 ’
118 785 244 878 'primo
268 793 394 876 quidem
413 816 453 858 ex
478 794 658 860 ²dominicis
682 794 852 881 Scripturis
873 794 1075 872 ostendimus,
1098 793 1203 860 omnia
1228 817 1299 880 quae
1349 793 1430 832 Μ

144 895 295 980 praedicta
306 905 389 973 sunt,
404 896 536 962 visibilia
550 905 582 962 et
597 896 770 972 invisibilia,
785 897 827 961 ab
838 918 902 961 uno
917 897 988 962 Deo
1003 896 1097 962 iacta.
1127 895 1158 960 N
1159 917 1200 962 on
1214 897 1299 961 enim

144 1005 218 1060 sunt
233 997 333 1084 magis
344 998 447 1062 idonei
461 999 493 1062 hi
509 1021 602 1084 quam
620 998 808 1082 Scripturas:
825 1021 883 1064 nec
892 999 1100 1085 relinquentes
1110 1021 1168 1064 nos
1177 999 1299 1084 eloquia

145 1100 283 1178 Domini,
299 1110 332 1165 et
356 1101 510 1188 Moysem,
533 1110 566 1167 et
584 1102 717 1188 reliquos
734 1102 913 1187 prophetas,
932 1103 985 1189 qui
1002 1104 1164 1168 veritatem
1182 1125 1298 1188 praeco-

144 1211 305 1282 naverunt,
329 1203 377 1268 bis
398 1203 523 1269 credere
547 1213 680 1290 oportet,
709 1225 822 1268 sanum
852 1205 977 1291 quidem
1005 1205 1082 1269 nibil
1112 1206 1297 1285 dicentibus,

145 1305 302 1372 instabilia
324 1317 429 1372 autem
455 1308 664 1374 delirantibus.
711 1308 835 1372 Deinde
849 1309 944 1374 etiam
958 1309 986 1374 si
1000 1331 1055 1395 per
1078 1309 1163 1396 ipsos
1176 1331 1214 1374 ea
1227 1331 1298 1396 quae

144 1418 218 1474 sunt
237 1431 329 1496 super
349 1410 455 1490 coelos,
477 1412 562 1477 lacta
583 1421 674 1486 sunt;
695 1412 801 1477 dicant
819 1411 919 1488 uobis,
942 1435 1013 1497 quae
1036 1412 1079 1477 sit
1101 1412 1298 1477 invisibilium

143 1521 264 1590 natura,
295 1522 440 1579 enarrent
467 1536 630 1579 numerum
655 1513 859 1601 Angelorum,
886 1524 920 1580 et
943 1515 1083 1580 ordinem
1113 1515 1298 1601 Archange-

143 1614 254 1692 lorum,
270 1617 483 1682 demonstrent
499 1617 694 1682 Thronorum
714 1626 920 1696 sacramenta,
938 1627 971 1682 et
989 1617 1121 1682 doceant
1140 1616 1298 1682 diversita-

143 1727 193 1784 tes
208 1720 474 1800 Dominationum,
492 1721 737 1808 Prineipstuum,
753 1729 785 1786 et
801 1722 1001 1786 Potestatum
1014 1729 1109 1806 atque
1125 1720 1297 1785 Virtutum.

145 1821 208 1886 Sed
224 1844 286 1888 non
301 1822 417 1887 habent
432 1822 554 1889 dicere:
576 1845 639 1888 non
654 1847 729 1912 ergo
744 1846 799 1910 per
813 1845 869 1890 eos
882 1825 968 1890 iacta
981 1833 1064 1889 sunt.
1109 1823 1143 1887 Si
1157 1831 1264 1887 autem
1277 1843 1298 1886 a

145 1926 317 2014 Demiurgo
330 1928 415 1993 lacta
428 1935 502 1992 sunt
516 1928 595 2005 haec,
610 1930 692 1993 sicut
707 1937 739 1994 et
761 1929 943 2006 factasunt,
959 1936 993 1993 et
1012 1935 1087 1992 sunt
1100 1926 1252 2012 spiritalia
1264 1937 1297 1996 et

144 2036 272 2105 sancta;
295 2051 359 2094 non
373 2039 422 2096 est
436 2051 511 2118 ergo
525 2030 667 2095 animalis
682 2031 732 2096 bic
747 2031 799 2116 qui
814 2030 964 2119 spiritalia
984 2030 1122 2118 perfecit,
1144 2039 1178 2096 et
1194 2031 1298 2096 solnta

144 2141 193 2196 est
207 2132 328 2198 illorum
344 2155 458 2222 magna
474 2133 676 2221 blasphemia.

575 2402 677 2470 GAP.
700 2401 853 2468 XLVII.

142 2517 203 2592 Dc
231 2520 447 2598 assumtione
474 2523 644 2621 Apostoli
676 2551 786 2623 usque
821 2522 874 2598 ad
906 2522 1053 2598 tertium
1078 2523 1203 2598 coelum
1214 2555 1226 2610 ;
1263 2539 1296 2598 et

220 2663 287 2709 our
312 2635 418 2728 dreit,
445 2638 518 2714 sive
546 2639 585 2713 in
613 2667 774 2739 corpore,
802 2640 876 2714 sive
900 2653 1004 2714 extra
1027 2667 1181 2739 cotpus:
1216 2668 1295 2715 oec-

215 2779 296 2840 con,
315 2755 464 2829 ostensio
482 2755 580 2854 quod
596 2783 667 2830 con
685 2757 730 2830 sit
749 2756 926 2831 arti-matis
941 2756 1178 2855 Dcmiurptts.

144 2923 173 2986 1.
219 2921 387 3003 Quorsum
404 2923 486 2988 enim
501 2931 575 2988 sunt
590 2923 622 2987 in
643 2923 731 2990 coelis
750 2923 905 3009 spiritales
924 2921 1128 3001 conditiones,
1144 2922 1295 2988 universae

141 3023 278 3090 clamant
297 3025 475 3113 Scripturas,
498 3037 530 3094 et
546 3027 665 3094 Paulus
685 3037 792 3093 autem
816 3027 1028 3092 testimonium
1050 3028 1202 3114 perhibet,
1218 3049 1294 3114 quo-

141 3129 224 3193 niam
249 3138 322 3194 sunt
347 3131 507 3216 spiritalia,
536 3153 633 3219 usque
662 3133 702 3196 ad
726 3133 854 3198 tertium
881 3132 994 3197 coelum
1017 3142 1141 3218 raptum
1167 3154 1201 3198 se
1224 3154 1293 3196 esse
1308 3165 1447 3214 scasas,

139 3233 320 3320 significans
334 3239 384 3300 ³et
397 3257 530 3314 rursum,
546 3235 682 3301 delatum
697 3257 766 3302 esse
778 3235 811 3300 in
826 3235 1003 3322 paradisum
1019 3244 1052 3301 et
1066 3236 1190 3301 audisse
1199 3236 1293 3302 verba
1306 3212 1353 3259 μ

140 3335 365 3416 inenarrabilia,
387 3360 456 3424 quae
475 3359 536 3403 non
558 3338 632 3404 licet
655 3338 773 3403 homini
792 3337 887 3424 loqui.
932 3337 978 3402 Et
995 3339 1068 3424 quid
1091 3338 1135 3402 illi
1154 3337 1292 3423 prodest,

138 3439 239 3503 autin
254 3440 432 3525 paradisum
448 3441 603 3516 introitus,
619 3451 675 3506 aut
690 3463 788 3526 usque
804 3441 836 3504 in
852 3441 979 3506 tertium
994 3440 1108 3505 coelum
1129 3439 1291 3518 assumtio,

138 3562 209 3605 oum
224 3541 288 3606 sint
303 3542 407 3606 omnia
421 3543 472 3607 illa
493 3544 552 3608 sub
574 3551 729 3629 potestate
745 3541 918 3628 Demiurgi,
934 3542 961 3606 si
980 3563 1087 3606 eorum
1109 3563 1178 3626 quae
1199 3562 1293 3626 super

139 3643 347 3730 Demiurgum
362 3644 506 3710 dicuntur
520 3646 738 3732 mysteriorum
753 3644 929 3731 speculator
948 3653 982 3709 et
1001 3644 1126 3709 auditor
1142 3642 1292 3730 inciperet

138 3747 215 3826 fieri,
226 3749 486 3832 quemadmodum
501 3750 617 3813 audent
632 3748 757 3833 quidam
774 3748 899 3814 diceret
929 3748 963 3812 Si
977 3748 1061 3813 enim
1075 3747 1122 3813 uti
1136 3769 1205 3812 eam
1221 3769 1292 3832 quae

138 3857 297 3935 estsuper
319 3849 526 3937 Demiurgum
549 3850 682 3916 disseret
704 3850 949 3936 dispositionem,
972 3872 1166 3938 nequaquam
1188 3850 1220 3914 in
1242 3851 1292 3917 his

139 3975 208 4039 quae
231 3961 305 4017 sunt
328 3953 490 4040 Demiurgi
513 3951 722 4030 remansisset,
750 3974 790 4017 ne
816 3952 884 4039 ipsa
908 3951 1033 4040 quidem
1057 3953 1200 4018 universa
1222 3977 1291 4040 per-

137 4055 324 4141 speculatus,
343 4057 496 4143 (restabet
514 4055 597 4120 enim
614 4055 643 4120 ei
660 4055 762 4120 adhuc
784 4055 956 4120 secundum
976 4056 1097 4121 illorum
1117 4077 1292 4122 sermonem

138 4162 300 4242 ⁴quartum
325 4159 448 4238 ooelum,
475 4159 522 4224 uti
553 4158 815 4246 appropinquaret
844 4157 1028 4245 Demiurgo,
1059 4166 1092 4225 et
1116 4160 1293 4246 subjectam

187 4329 196 4361 ¹
214 4331 336 4394 Compare
352 4345 377 4393 p.
391 4326 445 4392 360,
462 4343 484 4392 3.
740 4327 806 4380 from
817 4329 863 4380 the
872 4329 940 4379 third
951 4332 1046 4380 heaven
1057 4337 1085 4380 te
1095 4331 1176 4381 which
1188 4332 1214 4382 S.
1229 4331 1294 4381 Paul

186 4410 256 4461 ¹i.s.
274 4413 359 4472 κυρίων
374 4414 482 4474 γραφῶν.
741 4427 792 4460 was
806 4412 936 4474 admitted,
950 4414 1000 4461 and
1015 4413 1096 4462 whioh
1112 4414 1138 4463 in
1155 4415 1198 4463 the
1215 4415 1294 4463 entire

187 4493 235 4542 ³et
256 4509 365 4554 nusum,
390 4495 443 4544 ovid
465 4493 549 4556 spoia,
573 4493 602 4544 io
626 4491 692 4544 other·
740 4495 815 4544 series
825 4494 908 4544 would
918 4496 991 4544 make
1002 4497 1045 4545 the
1055 4495 1167 4545 ssventb.
1184 4496 1295 4545 Μῶα

139 4575 225 4636 words,
238 4581 291 4636 not,
305 4592 336 4625 oa
347 4574 446 4625 camber
456 4577 574 4626 occodcn.
741 4577 862 4627 indicates
878 4578 929 4628 this
942 4578 1139 4643 interpretation,
1153 4579 1188 4643 by
1198 4593 1255 4644 way
1269 4579 1299 4627 ol'

186 4657 329 4722 ‘quartum
356 4657 446 4722 mum,
477 4657 492 4709 l.
506 4675 527 4710 s.
557 4659 692 4723 rsckoulng
741 4659 1175 4710 toumoftheentirehebdomad.
