3225 5184
349 430 356 447 '
448 453 688 507 russonums
714 432 1283 507 rnrurcau1us.305

130 605 278 692 ipsorum.
324 602 358 671 Si
372 604 455 669 enim
467 604 656 692 Demiurgus
670 626 767 670 noua
786 603 955 691 semetipso
968 602 1185 691 figurationem
1198 621 1285 667 crea·
1300 622 1354 663 um.
1363 622 1395 707 ιιι.
1404 632 1441 663 aa

127 716 209 772 turae
232 705 394 772 fabricavit
412 707 516 784 talem,
542 707 598 773 sed
620 708 791 772 secundum
818 706 939 771 illorum
961 728 1031 791 quae
1055 726 1178 770 sursum
1194 711 1284 769 erant
1298 671 1435 817 flffixpp

127 812 283 898 figuram:
308 808 453 896 Bytbus'
445 831 591 895 ipsorum,
615 808 666 895 qui
688 810 795 894 utique
818 809 994 895 hujusmodi
1009 806 1203 895 figurationis
1216 828 1447 895 per-——d
1352 809 1408 847 11·

128 915 205 980 iecit
218 936 287 980 esse
302 914 457 991 Pleroma,
473 914 520 978 vel
534 935 555 978 a
569 936 630 998 quo
644 914 776 1000 liguram
791 934 898 978 eorum
912 936 983 998 quae
997 920 1072 977 ante
1086 911 1188 997 ipsum
1201 910 1286 975 lacta

129 1026 215 1095 sunt,
239 1017 382 1102 aceepit!
426 1017 559 1102 Oportet
578 1016 661 1081 enim
675 1016 722 1081 vel
740 1016 771 1079 in
786 1038 824 1083 eo
840 1017 911 1081 Deo
931 1016 983 1101 qni
1005 1013 1113 1080 lecerit
1135 1014 1286 1081 mundum

130 1140 328 1207 perseverare
353 1120 551 1197 sententiam,
576 1118 722 1204 quoniam
753 1141 811 1185 sua
836 1127 992 1205 potestate
1019 1128 1052 1184 et
1073 1140 1094 1184 a
1118 1117 1286 1205 semetipso

130 1223 254 1308 accepit
269 1222 446 1309 exemplum
463 1222 571 1286 mundi
586 1220 814 1286 fabricationis:
837 1221 886 1286 vel
907 1222 933 1286 si
956 1229 1061 1286 motus
1082 1221 1152 1305 quis
1170 1222 1212 1286 ab
1225 1220 1286 1285 hoc

131 1325 235 1404 fuerit,
250 1346 373 1411 semper
387 1325 543 1411 quaerendi
559 1324 728 1390 necessitas
742 1324 812 1403 erit,
824 1324 906 1389 nude
921 1325 950 1389 ei
964 1324 1017 1408 qui
1031 1344 1211 1409 supereum
1225 1330 1286 1401 est,

132 1429 278 1515 figuratio
293 1451 399 1494 eorum
414 1450 484 1514 quae
499 1428 582 1493 iacta
603 1435 687 1507 sunt,
708 1428 777 1513 quis
796 1435 830 1493 et
855 1448 1002 1493 numerus
1023 1426 1233 1503 emissionum,
1253 1434 1288 1491 et

133 1530 310 1595 substantia
324 1530 420 1615 ipsius
435 1530 590 1616 exempli!

200 1637 231 1698 2.
276 1634 310 1698 Si
339 1642 445 1699 autem
472 1632 559 1698 licuit
590 1632 691 1719 Bytho
717 1633 924 1720 asemetipso
950 1633 1045 1698 talem
1070 1632 1288 1720 figurationem

135 1736 323 1802 Pleromatis
334 1736 495 1822 perficere:
513 1736 586 1821 qnid
601 1735 708 1821 utique
722 1735 896 1823 Demiurgo
910 1758 973 1801 non
987 1735 1074 1801 licuit
1087 1758 1108 1801 a
1121 1735 1289 1821 semetipso

12 1908 13 1917 ,
135 1839 286 1904 mundum
306 1840 401 1905 talem
415 1840 545 1905 lecisset
589 1840 727 1905 Rursum
747 1840 843 1927 igitur
857 1841 884 1904 si
900 1840 1020 1904 illomm
1035 1839 1138 1927 imago
1152 1838 1289 1904 conditio

135 1950 195 2019 est,
219 1942 293 2028 qnid
314 1942 457 2028 prohibet
481 1942 533 2007 illa
556 1963 663 2006 eorum
686 1965 756 2027 quur
780 1964 873 2027 super
897 1963 936 2007 ea
958 1950 1032 2007 sunt
1051 1941 1202 2028 imagines
1220 1963 1290 2008 esse

136 2045 249 2123 dicere,
271 2052 303 2110 et
323 2066 393 2130 quae
412 2067 507 2131 super
529 2066 567 2111 ea
593 2051 677 2123 sunt,
699 2067 805 2109 rursus
827 2045 973 2121 aliornm;
1008 2055 1041 2111 et
1063 2046 1097 2109 in
1122 2045 1290 2110 immensas

137 2147 288 2235 imagines
310 2146 479 2235 imaginum
500 2146 663 2214 excidere?
707 2147 797 2212 Sicut
812 2149 941 2233 ¹passns
962 2156 1011 2214 est
1034 2148 1196 2227 Basilides,
1219 2170 1290 2214 cum

136 2249 263 2315 minime
277 2250 434 2337 attigisset
445 2250 617 2328 veritatem,
632 2258 665 2313 et
677 2258 791 2336 putans
801 2273 857 2337 per
871 2252 1053 2317 immensam
1064 2252 1291 2317 successionem

32 2376 113 2418 ιιιιι
137 2374 254 2432 eornm,
284 2376 354 2439 quae
383 2376 422 2419 ex
454 2354 586 2419 invicem
614 2353 698 2418 lacta
727 2364 812 2433 sunt,
839 2356 975 2442 effugere
1006 2355 1101 2420 talem
1131 2355 1289 2441 aporiam3

138 2457 262 2542 quando
293 2480 421 2520 ccccxv
451 2456 547 2523 coelos
582 2477 638 2543 per
666 2457 895 2522 successionem
925 2467 958 2523 et
986 2458 1219 2523 similitudinem
1250 2459 1292 2523 ab

137 2560 270 2624 invicem
288 2558 389 2623 laotos
412 2558 594 2635 enuntiavit,
618 2559 780 2623 ethorum
803 2559 1012 2624 ostensionem
1037 2582 1107 2624 esse
1130 2582 1292 2625 nnmerum

138 2662 211 2727 anui
226 2661 355 2739 dierum,
371 2660 629 2745 quemadmodum
644 2661 863 2747 praediximus:
887 2669 920 2725 et
933 2662 1045 2747 ’super
1063 2662 1122 2728 bos
1135 2663 1291 2742 virtutem,

139 2787 233 2850 qnam
247 2772 280 2829 et
294 2763 546 2829 innominabilem
560 2770 681 2841 vocant,
697 2772 730 2828 et
744 2764 838 2849 hujus
852 2764 1104 2850 dispositionem:
1128 2774 1161 2831 et
1175 2788 1233 2831 nec
1247 2767 1292 2832 sic

139 2868 263 2954 quidem
286 2866 394 2953 elingit
416 2865 510 2929 talem
532 2865 681 2951 aporiam.
726 2866 941 2955 Interrogatus
960 2868 1043 2933 enim
1061 2868 1144 2933 unde
1163 2868 1243 2934 coelo
1264 2868 1292 2934 ei

139 2969 192 3055 qni
207 2976 256 3034 est
270 2990 363 3053 super
376 2986 494 3045 omnes,
510 2988 550 3031 ex
570 2989 631 3051 quo
646 2966 779 3053 reliquos
792 2992 848 3057 per
862 2969 1089 3035 successionem
1102 2970 1202 3036 factos
1216 2970 1292 3050 vult,

139 3074 334 3161 figurationis
349 3072 474 3161 imago?
516 3074 571 3139 Ab
585 3096 623 3139 ea
637 3074 849 3161 dispositione,
865 3077 958 3155 dicet,
974 3099 1044 3161 qnae
1058 3085 1107 3142 est
1120 3075 1292 3141 secundnm

140 3176 402 3241 innominabilem.
435 3176 479 3241 Et
494 3184 550 3241 aut
564 3175 815 3241 innominabilem
837 3200 857 3242 a
878 3178 1046 3263 semetipso
1062 3178 1173 3242 fecisse
1192 3177 1293 3242 'dicet

140 3302 227 3356 eam;
246 3280 293 3345 vel
308 3280 439 3345 alteram
454 3280 609 3368 quandam
623 3302 716 3367 super
729 3280 813 3345 huuc
827 3289 1016 3367 potestatem
1033 3303 1101 3345 esse
1118 3278 1293 3345 consentire

140 3404 267 3449 necesse
281 3382 418 3461 babebit,
433 3405 473 3447 ex
492 3404 554 3469 qna
570 3383 691 3468 accepit
704 3382 936 3449 innominabilis
953 3384 1022 3469 ejus
1043 3391 1163 3447 tantam
1185 3403 1292 3446 eornm

141 3508 210 3572 quae
232 3493 305 3551 sunt
324 3485 495 3551 secundnm
511 3506 583 3549 eum
604 3486 831 3573 figurationem.
877 3486 1002 3567 Quanto
1024 3485 1120 3572 igitur
1140 3484 1239 3549 tutius
1260 3494 1293 3551 et

141 3590 329 3678 diligentius,
346 3590 428 3675 quod
442 3597 491 3655 est
504 3612 611 3655 verum
625 3589 733 3654 statim
753 3588 841 3653 initio
860 3588 1010 3665 confiteri,
1034 3588 1179 3675 quoniam
1199 3587 1292 3653 labri·

142 3702 229 3757 catur
257 3692 346 3758 Deus
371 3691 432 3770 hic,
459 3691 512 3777 qni
534 3692 684 3757 mundum
714 3691 829 3757 ⁴talem
849 3692 933 3771 lenit,
957 3691 1043 3755 solus
1067 3698 1115 3756 est
1139 3691 1237 3771 Deus,
1259 3699 1292 3755 et

142 3818 204 3861 non
231 3804 281 3861 est
304 3796 383 3861 alius
407 3796 495 3861 Deus
519 3804 633 3881 praeter
661 3817 754 3870 eum;
789 3795 856 3882 ipse
878 3816 899 3860 a
925 3794 1094 3880 semetipso
1116 3793 1292 3880 exemplum

142 3906 174 3963 et
206 3900 423 3988 figurationem
452 3920 559 3964 eorum
582 3921 652 3983 quae
676 3900 759 3964 lacta
784 3907 868 3977 sunt,
898 3898 1071 3984 accipiens:
1104 3919 1197 3983 quam
1220 3906 1292 3982 post

141 4010 262 4069 tantam
282 4002 542 4090 irreligiositatem
563 4009 596 4067 et
621 4001 786 4067 circuitum
808 4002 956 4079 defessos,
978 3998 1048 4086 cogi
1070 3999 1235 4084 aliqnando
1259 3999 1294 4063 in

188 4166 199 4198 ¹
218 4166 287 4227 Quod
302 4164 378 4216 draci
394 4165 487 4226 dunat,
505 4166 565 4226 ὅπερ
579 4163 692 4212 {sadud
787 4161 799 4194 ⁸
815 4161 885 4211 Dicit
895 4162 921 4210 in
937 4160 1074 4211 munera
1087 4161 1125 4210 ed.
1140 4162 1162 4210 ia
1176 4176 1209 4210 an
1227 4176 1294 4210 error

142 4250 290 4308 Βασιλείδης,
306 4248 396 4297 latino
412 4247 482 4296 modo
497 4244 627 4295 airadum
636 4244 692 4306 sne·
740 4246 769 4293 ol’
783 4246 825 4294 the
835 4261 911 4310 presa.

141 4338 194 4381 rut:
210 4331 284 4391 Quod
292 4328 503 4379 Basilidiaocidit.
522 4328 596 4376 Brun.
789 4324 1292 4388 walevia-‚whiohiamdintheonram

189 4411 201 4444 ¹
216 4412 330 4477 Superis
347 4410 451 4460 omitted
466 4410 493 4458 iu
509 4410 552 4458 the
563 4409 615 4457 Aa.
633 4406 691 4456 MS.
741 4409 791 4459 and
800 4408 1036 4459 AuumdeSand
1043 4407 1142 4472 printed
1150 4406 1291 4471 byGnasa,

141 4498 187 4546 bnt
203 4496 224 4545 ia
240 4494 299 4544 read
316 4494 342 4543 iu
361 4493 404 4541 the
422 4492 522 4541 canan.
541 4490 591 4540 and
610 4489 691 4539 Voss.
741 4492 762 4540 ia
780 4491 881 4557 ailently
895 4490 1006 4556 dropped
1021 4490 1055 4553 by
1070 4489 1207 4538 Missum.
1241 4488 1294 4537 'l'be

142 4578 218 4629 MSS.
256 4578 309 4626 The
335 4576 406 4625 other
432 4574 537 4623 editions
565 4572 628 4621 bave
655 4572 694 4621 lto·
742 4574 877 4623 translator
887 4588 966 4621 seems
982 4576 1010 4621 to
1025 4569 1295 4632 bavorcudroior(rdr

142 4677 205 4710 nam.
743 4653 839 4713 κόσμον,
852 4650 907 4714 dno.)
919 4650 1016 4700 instead
1026 4650 1055 4697 of
1068 4650 1122 4706 olor,
1135 4648 1205 4696 uolua.
