3225 5184
493 380 748 433 manasserus
774 380 939 434 smnus.
1222 363 1291 429 313

136 530 255 617 Sophia
268 538 402 597 nonest.
430 532 528 597 Non
514 554 581 618 Jam
595 532 692 621 igitur
706 534 855 653 Sophiam
870 554 996 621 passum
1011 534 1153 598 AEonem
1162 540 1288 607 vocent
1330 551 1384 636 ιιιι.
1394 552 1424 636 q.

134 635 191 699 sed
206 642 261 699 aut
279 635 510 701 vocabulum'
482 658 560 721 ejus,
575 646 631 701 aut
652 637 812 723 passiones
832 634 1086 723 praetenuittuut.
1132 636 1178 701 Et
1193 635 1291 753 pleni·
1309 599 1449 729 11818ἷζ1818·88

134 737 277 803 tudinem
298 746 405 803 autem
426 739 601 805 universam
622 761 685 805 non
706 739 812 805 dicant
833 739 1015 825 spiritalem,
1036 739 1063 805 si
1084 738 1201 804 intra
1191 760 1292 825 ipsum
1307 737 1456 819 —ss—

135 843 228 906 AEon
242 842 303 920 hio,
319 864 390 907 cum
405 851 489 907 esset
503 843 535 906 in
549 842 745 929 passionibus
764 843 872 920 tantis,
892 851 1092 908 conversatus
1105 850 1163 908 est.
1210 842 1293 907 Haec

135 943 220 1009 enim
243 966 283 1009 ue
308 945 412 1009 anima
438 945 562 1030 quidem
589 945 688 1023 sortis,
715 968 777 1011 non
801 946 904 1011 dicam
932 944 1082 1031 spiritalis
1105 945 1292 1023 substantia,

135 1047 296 1133 percipiet.
342 1048 505 1130 Quomodo
519 1058 625 1113 autem
640 1070 746 1113 narsus
762 1049 965 1134 Enthymesis
979 1050 1048 1135 ejus
1062 1071 1134 1114 cum
1148 1048 1293 1135 passione

135 1152 308 1236 procedens
325 1152 493 1236 separatim
516 1160 639 1237 poterat
661 1152 749 1217 fierit
786 1152 991 1238 Enthymesis
1012 1153 1097 1217 enim
1118 1174 1188 1218 esse
1203 1151 1294 1217 intel·

135 1254 244 1341 ligitur
259 1258 350 1341 ¹erga
363 1254 508 1341 aliquem,
524 1256 592 1341 ipsu
610 1264 716 1320 autem
735 1278 877 1321 seorsum
896 1278 1055 1341 nunquam
1076 1257 1142 1322 liet.
1179 1256 1294 1321 Exter-

136 1358 273 1422 minatur
287 1358 414 1423 enimet
427 1358 611 1423 absorbetur
619 1358 700 1423 mala
708 1380 729 1423 a
737 1360 819 1423 bona
829 1359 1023 1445 Euthymeai‚
1035 1359 1294 1444 quemadmodum

136 1461 353 1548 aegrimonium
373 1462 414 1525 ab
436 1462 659 1527 incolumitate.
704 1462 781 1543 Qum
797 1463 881 1526 enim
894 1470 963 1528 erut
976 1463 1078 1549 ²prior
1092 1461 1295 1547 Enthymesis

26 1583 61 1623 ιι.
72 1579 117 1619 ιιι.
136 1564 311 1649 passionis!
348 1564 521 1649 Exquirero
537 1566 676 1643 Patrem,
691 1573 724 1629 et
738 1565 984 1651 magnitudinem
1003 1567 1072 1651 ejus
1089 1564 1294 1630 considerare.

139 1668 222 1749 Quid
236 1676 342 1733 autem
360 1690 454 1733 suasa
474 1676 523 1734 est
542 1678 661 1755 postea,
676 1676 709 1733 et
728 1668 904 1735 convaluit?
948 1669 1102 1750 Quoniam
1123 1668 1295 1754 incompre-

137 1771 308 1849 hensibilis,
323 1779 357 1837 et
370 1772 422 1858 qui
439 1772 565 1837 inveniri
580 1793 643 1837 non
658 1771 765 1858 possit,
780 1780 830 1837 est
839 1772 947 1837 Pater.
984 1772 1057 1837 Non
1071 1772 1166 1859 igitur
1179 1773 1295 1836 bonum

138 1886 215 1954 erat,
228 1875 310 1961 quod
321 1876 412 1941 vellet
427 1898 613 1963 cognoscere
626 1876 764 1953 Patrem,
774 1885 808 1940 et
821 1885 948 1962 propter
961 1875 1021 1941 hoc
1034 1884 1119 1941 esset
1132 1875 1293 1963 passibile3

137 1980 194 2043 sed
209 1979 332 2063 quando
347 2000 440 2044 suasa
460 1987 509 2043 est
524 1979 669 2063 quoniam
684 1978 926 2063 ³investigabilis
945 1987 1030 2045 esset
1050 1979 1156 2057 Pater,
1171 1987 1205 2043 et
1222 2000 1295 2044 con-
1306 1994 1367 2045 au·
1375 1996 1425 2033 111

137 2082 307 2146 valescens.
339 2082 401 2147 Sed
416 2082 466 2147 ille
481 2083 548 2167 ipse
564 2082 633 2147 Nus
648 2082 699 2167 qui
715 2084 874 2167 queerebat
887 2083 1026 2164 Patrem,
1038 2083 1171 2149 cmsavit
1184 2104 1295 2148 secun·

138 2184 213 2248 dum
235 2206 290 2251 eos
307 2184 409 2251 adhuc
432 2207 578 2271 quaerere,
594 2186 717 2251 discens
740 2186 886 2271 quoniam
908 2186 1225 2275 incomprehensibilis
1245 2195 1295 2253 eet

140 2287 247 2352 Pater.

583 2508 683 2575 OAP.
707 2509 850 2577 XXIV.

141 2648 304 2723 Ostensr'o
339 2646 517 2748 quomodo
551 2675 664 2746 noque
691 2648 984 2746 Enthymesis
950 2675 1028 2723 seue
1054 2650 1175 2723 AEooc
1203 2675 1293 2747 pro

209 2767 343 2867 prium
388 2765 555 2840 habuerit
601 2766 851 2859 substantium,
895 2793 1008 2867 nequae
1045 2766 1175 2867 passio
1216 2764 1294 2840 sinc

213 2882 431 2981 Euthpmcst'
455 2895 514 2957 cst.

58 3117 64 3129 ‚
109 3114 115 3125 ,
141 3053 423 3134 Quemadmodum
454 3051 549 3138 igitur
579 3050 781 3137 Enthymesis
810 3058 933 3136 poterat
958 3058 1103 3137 separatu
1132 3048 1295 3136 concipere

139 3156 309 3243 passiones,
325 3178 394 3239 quae
411 3164 443 3220 et
454 3156 529 3241 ipsae
544 3155 723 3219 affectiones
737 3156 806 3241 ejus
820 3157 931 3219 erant!
961 3155 1098 3219 Affectio
1108 3154 1192 3217 enim
1203 3158 1296 3238 ¹erga

139 3259 274 3345 aliquem
288 3258 335 3337 lit,
345 3258 413 3343 ipsa
426 3266 533 3322 autem
547 3278 685 3322 seorsum
698 3279 761 3322 non
771 3266 876 3344 potest
890 3280 969 3337 esse,
978 3280 1035 3323 nec
1044 3265 1198 3324 constare.
1221 3257 1296 3321 Non

140 3361 240 3427 solum
254 3370 360 3426 autem
375 3360 520 3425 instabile
533 3361 593 3426 hoc
608 3369 666 3437 est,
678 3360 733 3424 sed
747 3361 843 3425 etiam
857 3361 1045 3425 contrarium
1060 3360 1100 3438 ei,
1115 3362 1198 3447 quod
1212 3368 1262 3425 est
1276 3381 1296 3424 a

142 3464 278 3530 Domino
302 3472 408 3528 nostro
432 3462 570 3527 dictum:
605 3462 746 3541 Qrooerite,
772 3473 800 3527 et
820 3464 990 3528 invenietis.
1035 3464 1191 3528 Dominus
1213 3461 1295 3527 enim
1308 3478 1439 3524 ummo.

142 3568 307 3652 quaerendo
325 3577 359 3631 et
375 3566 558 3631 inveniendo
575 3564 712 3643 Patrem,
728 3566 883 3650 perfectos
901 3573 1099 3631 consummat
1117 3564 1294 3651 discipulos.

144 3670 177 3733 Is
191 3678 298 3734 autem
316 3669 367 3753 qui
390 3690 514 3733 sursum
535 3676 584 3732 est
600 3668 743 3733 Christus
757 3668 905 3753 ipsorum,
920 3690 976 3755 per
992 3668 1025 3732 id
1046 3668 1128 3753 quod
1147 3666 1296 3753 praecepit

143 3772 304 3838 AEonibus
332 3793 395 3837 non
421 3793 558 3856 quaerere
585 3771 724 3849 Patrem,
747 3772 883 3836 suadens
909 3772 1054 3857 quoniam
1078 3771 1138 3837 etsi
1163 3771 1296 3834 multum

142 3877 347 3941 laboraverint
365 3898 428 3941 uon
447 3898 519 3940 eum
534 3875 701 3953 invenient,
717 3875 872 3961 perlectos
891 3898 946 3941 eos
968 3874 1205 3941 consummavit.
1250 3874 1296 3938 Et

143 3980 169 4045 si
184 3979 308 4065 quidem
323 3980 393 4067 ⁴[se
402 3977 541 4064 quidem]
555 3979 709 4065 periectos
723 3977 811 4043 aiunt
825 3978 858 4041 in
871 4000 910 4043 eo
924 3979 1007 4063 quod
1022 3978 1128 4044 dicant
1141 3976 1296 4042 invenisse

190 4173 201 4205 ¹
218 4174 291 4235 Erpa,
307 4174 369 4236 περὶ,
383 4187 532 4237 p14,n.4;
554 4184 608 4235 317,
622 4189 646 4223 ιι.
658 4186 678 4222 ι.
742 4172 822 4234 xi.33.
836 4170 1055 4234 Bruu.mp.15.ra
1066 4170 1297 4232 ἀηξιχνίαστοντοῦ

190 4254 202 4286 ¹
218 4254 454 4318 Prior-pauent,
473 4255 517 4303 the
536 4254 619 4303 Greek
636 4268 702 4303 cou··
743 4256 834 4315 πατρὸς
842 4252 952 4302 reddidit
960 4253 1131 4316 investigabile
1137 4252 1229 4303 Patris.
1243 4252 1292 4302 Ga.

143 4338 273 4387 struction.
791 4336 802 4367 ⁴
819 4336 915 4385 Gom
931 4352 1047 4401 proposes
1062 4352 1086 4385 ac
1102 4334 1200 4399 quidem
1215 4335 1296 4383 which

190 4418 202 4451 ⁸
219 4418 406 4483 Invoaeipubila'a]
429 4418 481 4468 Pro
502 4418 693 4483 ininvestigabili
743 4433 822 4466 scema
832 4417 958 4481 requisito.
989 4417 1129 4481 Authority
1139 4417 1161 4464 is
1171 4416 1197 4463 in
1208 4415 1297 4464 favour

143 4499 312 4563 accipiundum
331 4508 370 4561 eat,
389 4500 454 4563 quod
472 4500 549 4550 Oroeci
566 4502 694 4563 ὺιξιχιία-
744 4501 773 4549 ol
785 4500 809 4549 ai
826 4500 930 4564 quidem,
950 4500 997 4549 but
1014 4501 1057 4549 the
1074 4500 1125 4547 Aa.
1145 4497 1203 4547 Mu.
1222 4498 1297 4547 omits

144 4600 201 4631 στον
217 4589 309 4643 mount,
326 4582 528 4647 quemadmodum
541 4582 613 4633 dium
624 4583 693 4634 Rom.
745 4581 910 4645 nmquidena.
922 4616 928 4631 .
938 4619 944 4631 .
956 4618 961 4630 .
973 4582 1067 4631 AEonua
1077 4587 1165 4630 catena
