3225 5184
504 400 785 455 UNlVERSORUM
814 402 950 457 IMAGO.
1234 388 1301 455 269

150 558 152 563 ’
210 554 242 618 3.
286 550 404 617 Adhuc
418 550 562 633 etiamsi
576 554 747 621 secundum
759 555 993 623 similitudinem
1002 554 1072 623 haec
1083 554 1205 623 illorum
1218 556 1303 623 facta
1313 576 1371 663 ryg
1374 576 1403 663 ¹1¹1'
1412 578 1464 664 vqs

144 664 229 733 sunt,
244 655 297 721 illa
316 678 423 722 rursus
441 657 633 745 adquorum
654 659 1114 727 similitudinemeruntfactal
1158 660 1194 726 Si
1212 660 1302 726 enirn
1328 651 1448 756 ¹33⁸ssssss

144 760 252 825 mundi
271 760 439 827 fabricator
459 782 523 827 non
543 784 565 827 a
585 762 754 851 semetipso
775 765 851 831 fecit
871 766 950 844 haec,
965 765 1022 830 sed
1039 764 1301 852 quemadmodum
1316 796 1464 807 ffl—

143 862 258 929 nullius
271 864 421 929 momenti
435 866 559 943 artifex,
574 874 608 931 et
621 866 710 953 quasi
730 866 865 954 primum
879 867 1005 933 discens
1020 890 1108 954 puer,
1129 868 1169 933 de
1190 867 1302 933 alienis

143 967 321 1054 archetypis
336 968 505 1047 transtulit,
523 969 662 1056 ¹Bythus
677 970 816 1056 ipsomm
837 971 921 1036 nude
943 971 1055 1037 habuit
1073 972 1211 1059 speciem
1232 972 1301 1057 ejus

144 1071 387 1157 quamprimum
407 1072 512 1137 emisit
530 1072 765 1159 dispositionis!
800 1074 1002 1161 (lonseqneus
1022 1084 1071 1140 est
1093 1075 1198 1162 igitur,
1213 1074 1301 1140 illum

143 1175 185 1238 ab
208 1174 306 1240 altero
334 1176 478 1261 quodam,
501 1174 553 1263 qui
579 1197 674 1262 super
702 1198 774 1242 eum
797 1184 857 1255 est,
879 1177 1056 1264 exemplum
1076 1178 1244 1263 accepisse,
1267 1184 1301 1243 et

144 1276 230 1341 illum
246 1300 352 1343 rursus
368 1279 410 1344 ab
423 1278 532 1343 altero.
579 1276 625 1343 Et
644 1278 847 1345 nihilominus
864 1279 898 1344 in
911 1281 1097 1345 immensum
1116 1279 1241 1346 excidet
1261 1281 1301 1346 de

145 1379 333 1467 imaginibus
358 1403 478 1447 sermo:
504 1382 764 1469 quemadmodum
787 1383 882 1448 etde
907 1384 989 1462 Diis,
1008 1383 1036 1449 si
1058 1406 1121 1449 non
1140 1384 1302 1450 fixerimus

143 1502 269 1548 sensum
284 1484 317 1547 in
331 1507 426 1549 unum
442 1486 603 1565 artificem,
618 1495 651 1551 et
666 1486 697 1550 in
712 1508 810 1551 unum
828 1488 942 1565 Deum,
955 1488 1008 1575 qui
1018 1510 1038 1552 a
1048 1488 1215 1574 semetipso
1227 1488 1302 1553 fecit

145 1607 267 1672 eaquae
286 1586 475 1654 factasunt.
518 1590 587 1654 Aut
605 1591 644 1655 de
663 1588 843 1656 hominibus
862 1591 987 1677 quidem
1003 1591 1115 1677 aliquis
1135 1591 1300 1677 permittit,

143 1708 165 1752 a
178 1688 354 1774 semetipsis
368 1689 444 1755 utile
458 1690 574 1777 aliquid
588 1692 630 1763 ad
644 1692 740 1756 vitam
754 1691 967 1759 adinvenisse:
990 1692 1020 1759 ei
1032 1701 1139 1757 autem
1150 1692 1230 1772 Deo,
1246 1693 1300 1779 qui

144 1791 293 1855 mundum
309 1794 543 1873 consummavit,
559 1816 622 1859 non
636 1794 788 1881 permittit
811 1818 832 1860 a
851 1796 1018 1882 semetipso
1037 1796 1148 1861 fecisse
1162 1795 1300 1882 speciem

144 1919 253 1963 eorum
276 1921 346 1984 quae
369 1901 453 1965 facts
478 1906 562 1979 sunt,
590 1908 623 1965 et
647 1900 901 1967 adinventionem
923 1910 1043 1967 ornatae
1066 1901 1300 1988 dispositionisl

145 1998 242 2064 Unde
255 2008 361 2065 autern
375 2008 409 2064 et
428 2000 496 2066 haec
519 2001 640 2065 illorum
655 2002 819 2089 imagines,
834 2024 905 2067 curn
921 2003 985 2066 sint
1004 2003 1065 2067 illis
1085 2003 1251 2081 contraria,
1267 2010 1301 2068 et

143 2101 177 2165 in
194 2101 277 2166 nullo
303 2110 433 2188 possunt
459 2102 506 2167 eis
532 2102 781 2167 communicaret
826 2104 905 2185 Qua
928 2103 1012 2169 enirn
1034 2113 1109 2169 sunt
1132 2105 1298 2183 contraria,

144 2226 261 2285 eorum,
273 2226 404 2291 quorum
419 2214 493 2271 sunt
508 2207 673 2285 contraria,
691 2228 760 2272 esee
775 2206 900 2293 quidem
914 2216 1045 2293 possunt
1060 2207 1206 2283 exitiosa3
1222 2207 1300 2273 ima·

142 2308 232 2396 gines
247 2331 320 2374 vero
333 2308 433 2375 ''uullo
447 2310 551 2389 modo,
565 2311 826 2397 quemadmodum
840 2332 922 2397 aqna
936 2312 1012 2399 igni,
1027 2320 1059 2377 et
1073 2334 1180 2377 rursus
1194 2312 1300 2376 lumen

143 2411 289 2489 tenebris,
305 2421 337 2477 et
351 2412 412 2477 alia
426 2414 540 2491 ἱιοιιιιι,
558 2414 769 2500 ³nequaquam
785 2422 877 2479 erunt
891 2414 1024 2480 invicem
1042 2416 1205 2503 imagines.
1245 2415 1299 2481 Sic

144 2536 201 2579 nec
215 2536 253 2579 ea
267 2535 337 2599 quae
351 2523 425 2581 sunt
440 2516 659 2600 corruptibilia,
674 2524 707 2580 et
722 2525 855 2593 terrena,
870 2524 903 2580 et
924 2517 1107 2602 composita,
1122 2526 1155 2582 et
1172 2526 1299 2605 prseter-

144 2615 259 2693 euutis,
269 2638 386 2695 eorum,
397 2638 467 2703 quae
479 2616 649 2681 secundum
664 2638 718 2682 eos
732 2626 816 2695 sunt,
828 2616 1013 2702 spiritalium
1024 2618 1178 2706 imagines
1192 2628 1297 2684 erunt:

145 2716 205 2781 nisi
224 2726 257 2783 et
280 2718 348 2803 ipsa
371 2719 553 2804 composita,
578 2726 611 2783 et
634 2718 981 2804 incircumscriptione,
1003 2729 1036 2785 et
1058 2719 1091 2783 in
1112 2720 1299 2807 figuratione

145 2821 351 2886 confiteantur
365 2842 444 2899 esse,
459 2829 492 2885 et
507 2842 569 2887 non
587 2821 655 2907 jam
676 2819 829 2907 spiritalia
850 2829 883 2885 et
901 2822 1000 2887 elhisa
1020 2831 1053 2888 et
1079 2822 1245 2910 locupletia
1266 2834 1299 2890 et

42 2950 67 2987 o.
80 2945 119 2989 οι.
145 2920 474 3011 incomprehensibilia.
520 2922 656 2989 Necesse
682 2931 731 2988 est
752 2924 837 2989 enim
853 2946 892 2990 ea
912 2924 945 2989 in
964 2926 1149 3013 figuratione
1171 2948 1250 3004 esse,
1266 2936 1300 2993 et

145 3024 437 3113 circumscriptione,
452 3036 488 3091 ut
502 3025 566 3092 sint
579 3026 731 3114 imagines
747 3050 847 3093 verae:
871 3038 903 3093 et
918 3029 1095 3095 absolutum
1116 3038 1166 3096 est
1182 3052 1221 3096 ea
1235 3053 1299 3096 non

144 3154 213 3197 esse
235 3132 395 3218 spiritalia.
439 3132 475 3199 Si
488 3140 594 3197 autem
609 3132 661 3197 illa
675 3132 828 3219 spiritalia
841 3141 875 3198 et
889 3134 988 3198 effusa
1010 3143 1042 3199 et
1064 3134 1298 3220 incomprehen-

144 3235 246 3303 sibilia
263 3236 379 3316 dicunt,
396 3236 550 3322 quomodo
561 3244 702 3323 possunt,
715 3248 800 3323 tquae
815 3244 889 3301 sunt
904 3237 937 3301 in
950 3237 1062 3323 figura,
1074 3246 1107 3302 et
1121 3237 1154 3301 in
1168 3237 1298 3303 circum-

144 3466 195 3513 But
209 3464 294 3528 things
314 3463 412 3513 created
431 3480 473 3512 ara
492 3464 694 3527 heterogeneous,
795 3460 919 3511 ’Galen
944 3478 1010 3526 says,
1033 3462 1104 3511 Talia
1125 3460 1165 3513 hic
1184 3462 1300 3515 &aare

145 3547 264 3595 therefore
276 3546 354 3595 either
368 3546 437 3594 these
448 3545 529 3593 AEons
544 3561 585 3593 arc
601 3545 696 3593 hetero·
745 3544 846 3593 reddere
853 3545 981 3607 laterprm
994 3544 1195 3595 Gtmcrwadra
1211 3546 1301 3595 Saura

144 3645 259 3693 geneous,
276 3628 357 3678 which
377 3626 397 3677 is
415 3632 532 3692 contrary
548 3632 575 3677 to
592 3628 681 3691 theory
690 3643 697 3685 3
746 3637 781 3674 uu
792 3626 920 3690 faithfully
935 3627 1021 3675 echoes
1034 3626 1077 3675 tho
1093 3632 1159 3687 note,
1177 3627 1300 3693 although

143 3727 172 3760 or
199 3712 285 3775 things
314 3716 396 3760 create
426 3727 468 3760 are
503 3711 694 3773 homogeneoue,
744 3706 808 3757 tolio
830 3709 851 3757 is
873 3708 908 3773 by
929 3724 963 3757 no
985 3724 1071 3757 means
1092 3708 1136 3758 the
1157 3712 1301 3774 equivalent

142 3792 224 3842 which
241 3794 262 3842 is
279 3798 395 3857 contrary
413 3798 440 3842 to
457 3794 516 3843 fact.
745 3789 783 3839 for
801 3793 919 3839 τοσαῦτα.
959 3790 1013 3839 'Pha
1027 3791 1161 3841 translator
1177 3810 1228 3841 was
1244 3810 1299 3858 pro·

192 3872 203 3905 ⁶
219 3874 315 3924 AEcuia.
351 3874 468 3923 Semnan
484 3875 549 3923 after
565 3873 695 3923 Massusu
745 3872 821 3937 bably
831 3872 919 3921 rnisled
930 3874 963 3937 by
978 3888 1010 3921 an
1028 3889 1096 3921 error
1112 3874 1139 3922 in
1156 3875 1199 3923 the
1216 3874 1299 3925 Greek

142 3973 206 4022 says,
217 3957 306 4005 AEonis
314 3972 489 4020 moneoquum
499 3956 696 4006 amhitlrenoeaa
743 3958 806 4013 tert,
831 3955 895 4003 from
917 3955 998 4003 which
1019 3956 1051 4003 he
1072 3956 1181 4016 worked,
1205 3958 1299 4023 having

139 4054 187 4101 pro
209 4038 340 4087 AEonibus.
382 4037 435 4085 The
462 4038 604 4087 abbreviato
631 4037 695 4086 form
744 4039 854 4085 τοσοῦτο
872 4036 971 4085 instead
993 4037 1022 4084 of
1042 4036 1152 4086 τοιαῦτα.
1197 4039 1234 4087 Or
1254 4040 1299 4088 the

141 4120 241 4171 AEoarh.
264 4134 323 4183 may
339 4134 409 4167 serve
428 4123 455 4167 to
472 4124 579 4167 account
595 4118 635 4167 for
652 4120 696 4168 the
743 4118 850 4183 original
866 4135 925 4182 may
941 4118 1005 4167 have
1019 4120 1099 4181 stood,
1117 4122 1164 4169 dcc
1182 4122 1254 4171 tata

141 4201 251 4265 reading.
286 4200 464 4250 uncturae.
474 4199 536 4249 adds
547 4200 582 4259 ia,
597 4217 694 4249 συνοκο-
793 4199 890 4249 ³arcella
912 4200 1199 4264 modo...aeqnoqcom‚
1224 4206 1299 4254 οὐδενὶ

141 4284 396 4343 λουθηοιιντιον...ιις,
414 4280 601 4347 wmrportdiup
611 4282 676 4333 ιοίιΙι.
744 4282 993 4345 τρόπῳ...οὐδιιμῶι.
1028 4282 1066 4332 Cf.
1079 4284 1159 4333 Patr.
1171 4283 1258 4335 Portu.
1270 4303 1297 4351 p.

190 4364 201 4397 ¹
226 4365 325 4430 Bythne
347 4364 442 4429 having
465 4364 624 4413 commenced
652 4364 694 4414 the
747 4362 800 4413 166.
831 4363 975 4413 τᾶλλατῶν
986 4366 1105 4424 μὴιπων
1120 4367 1299 4428 οὐδενιούδομῆ

140 4448 215 4497 aerim
231 4448 260 4497 ol
279 4448 440 4506 emanatione,
460 4448 569 4508 καθάπερ
588 4447 692 4509 σπέρμα,
744 4448 851 4505 οὐδαμῶς
868 4446 979 4506 οὐδεμίαν
995 4448 1116 4495 κοινωνίαν
1132 4449 1191 4509 ἔχει.

140 4541 161 4579 1.
173 4530 190 4578 i.
206 4544 227 4589 r,
248 4529 305 4579 held
322 4529 410 4579 within
427 4528 528 4579 himself
545 4528 589 4577 the
610 4528 694 4577 arche·
792 4527 804 4559 ⁴
820 4528 968 4592 quoe...qai.
1002 4529 1056 4577 The
1069 4528 1214 4578 &mour
1229 4530 1297 4579 read·

141 4612 334 4676 typalgermol
340 4612 425 4677 things
437 4614 526 4661 create,
559 4610 692 4661 Scaeua.
742 4612 788 4675 ing
809 4609 831 4660 is
856 4611 984 4672 inverted;
1010 4612 1055 4661 the
1081 4611 1172 4662 second
1193 4612 1297 4663 relative
