3225 5184
436 416 700 473 cossnnmusu
724 415 1022 470 vsnnsmmsm.
1236 399 1302 467 299

149 575 305 651 dixerunt,
317 572 350 637 in
361 593 454 658 quem
467 592 578 637 seusus
591 570 768 659 intelligens
782 578 833 637 est
841 570 911 656 ejus
921 569 1006 655 quod
1016 567 1150 656 primum
1161 587 1303 654 sssnmp-
1342 588 1435 675 {iffi}

5 596 11 743 i
148 685 217 742 tum
240 683 299 754 est,
323 674 435 761 queerit
462 676 663 761 quoadusque
688 674 860 762 defatigata
883 673 925 739 sd
948 693 1046 739 unrnn
1069 679 1104 738 et
1121 669 1303 736 indivisibile
1322 682 1454 767 ffilsffi

5 808 9 849 ι

5 912 11 953 ι

148 786 322 845 concurrat.
368 777 413 842 Et
435 798 505 843 esse
533 778 673 843 omnium
698 776 832 852 initium,
858 785 892 841 et
919 775 1127 842 substantiam
1150 772 1302 839 nniversae
1354 775 1425 814 ’Μ

147 879 357 967 generationis
373 879 458 956 Hen,
470 878 502 943 id
514 888 563 944 est
576 878 706 943 Unum:
730 900 771 943 ex
785 879 845 944 hoc
858 887 965 944 autem
980 878 1133 965 Dysdem,
1144 885 1178 943 et
1193 876 1302 941 'l'etrs-

7 1066 10 1076 Ι
48 1006 128 1045 urs.
148 979 230 1057 dem,
259 986 293 1044 et
322 978 524 1056 ¹Pentadem,
554 985 586 1044 et
612 976 799 1063 reliquorum
829 978 1029 1043 multifariam
1061 976 1302 1065 generationem

150 1083 233 1149 Haec
246 1082 279 1147 hi
293 1083 334 1149 nd
349 1084 477 1148 verbum
495 1082 534 1148 de
550 1081 748 1148 Plenitudine
762 1102 889 1147 suorum
903 1089 936 1148 et
951 1081 1056 1167 Bytho
1070 1081 1198 1147 dicunt:
1220 1079 1303 1145 unde

149 1186 244 1251 etism
256 1194 353 1251 eteas
365 1185 650 1270 quoesuntdeuno,
662 1184 1089 1272 conjugationessnnitnntnr
1096 1184 1302 1261 introducere,

149 1311 219 1374 quae
236 1290 368 1355 Marcus
382 1288 466 1354 velut
485 1308 543 1352 sus
557 1288 692 1373 jactans,
707 1288 792 1354 velut
807 1287 916 1353 novius
930 1284 1047 1371 aliquid
1061 1285 1144 1351 visos
1159 1293 1209 1351 est
1223 1308 1303 1371 prae·

6 1426 7 1429 ¹
50 1406 76 1445 θ·
88 1406 128 1443 ¹⁴2
149 1398 198 1457 ter
207 1391 342 1477 reliquos
355 1389 558 1468 adinvenisse,
576 1390 765 1477 Pythagorae
780 1388 1060 1475 quaternationem,
1073 1388 1159 1454 velut
1172 1388 1303 1475 genesin

5 1484 8 1511 '
149 1502 182 1559 et
196 1501 328 1559 matrem
343 1493 480 1559 omnium
498 1512 654 1557 enarrans.

215 1596 246 1663 6.
290 1594 440 1661 Dicemus
453 1602 560 1660 sutem
571 1594 719 1660 adversus
732 1614 805 1659 eos:
829 1600 975 1659 unumne
988 1592 1022 1657 hi
1035 1612 1144 1658 omnes
1157 1591 1210 1678 qui
1224 1612 1303 1676 prse-

148 1700 223 1765 dicti
232 1706 316 1778 sunt,
328 1720 400 1764 oum
411 1697 524 1785 quibus
537 1698 646 1763 eadem
661 1697 799 1764 dicentes
814 1696 988 1784 arguimini,
1004 1703 1215 1783 cognoverunt
1225 1693 1302 1759 veri·

148 1808 257 1879 tatem,
271 1809 401 1867 autnon
413 1801 645 1886 cognoverunt?
675 1799 719 1863 Et
733 1799 761 1865 si
773 1799 899 1886 quidem
912 1804 1132 1886 cognoverim,
1146 1796 1304 1883 superllus

148 1912 197 1970 est
213 1904 382 1971 Salvatoris
401 1904 434 1969 in
448 1904 531 1968 hunc
545 1904 695 1967 mundum
710 1902 879 1969 descensio.
926 1903 976 1968 Ut
988 1902 1063 1989 quid
1077 1901 1161 1967 euim
1175 1900 1302 1965 descen·

148 2010 264 2075 debat!
306 2010 379 2073 'An
392 2008 533 2094 nunquid
547 2015 583 2072 ut
597 2029 666 2073 eam
688 2028 758 2093 quae
770 2008 1014 2093 cognoscebatur
1027 2004 1151 2081 veritas,
1166 2003 1199 2067 in
1212 2004 1302 2090 agni·

148 2112 266 2177 tionem
280 2112 448 2177 adduceret
462 2110 521 2188 his,
536 2110 589 2197 qui
604 2116 797 2197 cognoscunt
812 2131 883 2173 eam
896 2107 1094 2173 hominibusi
1137 2105 1173 2170 Si
1193 2113 1302 2170 sutem

149 2236 212 2279 non
232 2221 461 2303 cognoverunt3
484 2212 743 2300 quemadmodum
764 2212 874 2277 eadem
895 2234 967 2277 cum
987 2211 1047 2290 his,
1065 2209 1118 2296 qni
1138 2208 1302 2274 veritatem

149 2338 213 2382 non
227 2318 467 2405 cognoscebant,
482 2317 632 2394 dicentes,
646 2315 730 2381 solos
744 2315 950 2401 vosmetipsos
971 2336 1042 2379 eam
1061 2336 1131 2401 quse
1146 2319 1302 2399 estsuper

149 2422 255 2486 omnia
282 2420 419 2507 cognitio
447 2420 561 2485 habere
589 2420 774 2507 gloriamini,
807 2441 902 2504 quarn
932 2419 1039 2497 etiam,
1068 2418 1123 2504 qui
1156 2404 1303 2503 ignorant

151 2523 266 2599 Deum,
290 2522 426 2586 habenti
471 2521 649 2586 Secundum
674 2521 868 2606 antiphrasin
890 2542 975 2607 ergo,
999 2517 1138 2584 veritatis
1159 2517 1303 2604 ignoran-

150 2623 238 2702 tiam,
258 2622 451 2709 agnitionem
472 2630 604 2689 vocent:
628 2630 660 2689 et
683 2624 762 2688 bene
788 2622 908 2687 Paulus
929 2621 985 2699 sit,
1011 2621 1135 2684 'eoscos
1156 2620 1304 2684 novitates
1316 2641 1457 2681 ruens.

151 2758 247 2823 quirin,
275 2759 339 2807 until
361 2774 428 2808 soors
450 2766 490 2807 ors
512 2758 531 2807 ἅ
554 2756 577 2808 is
598 2758 703 2807 molossi
800 2756 1013 2807 ¹ThetermHen
1024 2756 1193 2820 representing
1204 2755 1304 2820 Bythos

151 2849 177 2889 ot
199 2840 278 2904 lesptls
299 2840 328 2891 is
349 2840 387 2891 tls
408 2840 553 2891 Indicieible
572 2840 625 2889 ond
644 2840 700 2890 One.
751 2839 801 2888 and
819 2839 886 2903 Siga,
907 2840 979 2904 Dyss
995 2854 1055 2903 msy
1071 2838 1103 2887 be
1121 2838 1199 2886 taken
1216 2853 1243 2886 ss
1260 2837 1304 2886 the

150 2924 211 2974 This
233 2940 360 2989 expresses
382 2928 410 2973 at
431 2925 474 2974 the
496 2940 563 2973 mma
581 2924 642 2973 time
659 2924 702 2973 the
751 2920 806 2971 first
822 2925 872 2970 two
888 2921 944 2985 pair
958 2920 987 2969 ol
1000 2920 1090 2980 AEons,
1101 2919 1190 2968 Tctrss
1205 2918 1244 2967 for
1260 2918 1304 2968 the

151 3007 326 3072 Pythagoreas
358 3007 454 3067 notion,
484 3006 534 3056 and
563 3012 702 3071 represents
751 3003 865 3068 Ogdosd,
888 3004 939 3053 and
967 3003 1059 3053 Pentss
1083 3002 1123 3053 for
1148 3004 1191 3053 the
1217 3000 1304 3051 Deusd

150 3089 241 3153 closely
252 3088 462 3138 theVslentinisn
473 3090 567 3153 theory.
587 3088 703 3138 eamus
750 3086 854 3135 evolved
875 3088 910 3149 by
931 3085 1014 3149 Logos
1036 3084 1086 3133 and
1108 3084 1166 3136 Zoe.
1204 3084 1236 3133 In
1259 3084 1304 3132 tha

150 3176 209 3219 note
230 3171 252 3219 is
271 3186 298 3220 ss
315 3170 419 3231 follows,
440 3171 486 3220 but
508 3170 539 3219 he
560 3171 646 3218 makes
668 3185 702 3218 no
751 3168 928 3233 Pythagoream
943 3171 1038 3231 system
1054 3182 1071 3215 s
1083 3166 1199 3229 mystiesl
1213 3165 1303 3214 notion

150 3252 446 3316 veryintelligiblesense.
467 3250 616 3301 &motionis
623 3258 702 3300 sutem
750 3266 801 3299 was
815 3248 932 3299 attached
948 3254 975 3297 to
992 3249 1035 3297 the
1051 3247 1156 3307 Pentad,
1171 3263 1198 3296 as
1209 3247 1265 3295 well
1274 3263 1303 3297 ns

150 3332 225 3381 initio
241 3334 362 3394 densum,
378 3334 405 3381 s's
422 3340 546 3396 eumcum,
563 3332 649 3382 Graece
661 3333 701 3395 ἐφ’
749 3338 777 3383 to
792 3334 835 3382 the
846 3331 946 3392 Tetrad,
960 3332 1001 3381 lor
1016 3332 1037 3381 it
1053 3332 1075 3380 is
1089 3331 1132 3379 the
1146 3346 1203 3379 sum
1217 3330 1247 3379 ol
1259 3331 1302 3379 the

150 3417 207 3465 ὅσον
224 3416 278 3481 (pro
297 3416 325 3464 is
341 3431 425 3478 possm
446 3432 505 3464 nam
527 3420 633 3479 chaque
651 3430 701 3463 vox
751 3410 826 3477 Dyad
844 3412 958 3476 squaed,
981 3410 1011 3477 (i.
1028 3428 1047 3462 e.
1065 3413 1098 3461 its
1112 3412 1166 3461 first
1186 3411 1301 3474 develop-

150 3497 237 3545 eodem
250 3497 301 3545 lere
316 3496 390 3545 modo
406 3496 552 3546 abbreviata
562 3496 588 3545 in
600 3496 700 3559 quihus·
749 3494 1091 3558 ment,)increaeedbynnity.
1103 3492 1302 3556 'l'heEgyptisns

150 3579 208 3627 dam
231 3578 308 3627 MSS.
328 3578 444 3641 occur-rit)
467 3593 548 3627 moeres
569 3576 702 3640 intelligens
749 3579 899 3641 number-ing
915 3577 950 3640 by
963 3577 1023 3637 fines
1038 3574 1133 3625 termed
1143 3576 1186 3624 the
1203 3590 1301 3639 process

152 3660 252 3723 (omisso
263 3666 310 3715 ιω
326 3659 413 3709 Graece
424 3660 515 3708 διάνοια
526 3658 640 3718 συνιεῖσα)
652 3659 701 3721 q'ue
751 3660 892 3719 πεμπάζειν.
923 3657 1003 3707 Pnun.
1020 3656 1058 3707 01.
1070 3655 1137 3706 dle.
1151 3653 1191 3718 56,
1209 3655 1260 3704 and
1273 3660 1301 3704 to

150 3741 215 3803 prod
237 3740 347 3803 primm
372 3746 521 3803 usmsrptuss
547 3747 587 3801 eet,
617 3740 701 3804 puoerit
750 3743 792 3791 the
815 3744 915 3804 present
941 3739 991 3803 day
1012 3738 1071 3787 Five
1091 3738 1113 3788 is
1139 3738 1184 3787 the
1210 3738 1302 3802 mystic

150 3822 304 3885 puoodmpue
317 3822 465 3885 dq'stigonre
479 3822 533 3885 (pro
544 3820 700 3885 defetigato),
749 3822 855 3871 number
865 3821 894 3869 ol
902 3820 945 3869 the
957 3820 1029 3870 Euat.
1065 3818 1104 3869 Of.
1117 3818 1228 3881 Rmn,
1240 3818 1300 3869 Iud.

150 3902 596 3953 adosumnisdicissbilcooucsmt.
621 3902 700 3966 Βόα·
749 3903 798 3954 ΡΙι.

149 3985 226 4047 sipoto
237 3991 322 4035 summ
336 4002 368 4035 ex
386 3986 473 4035 Graeco
485 3986 702 4044 κατατεινομένη
798 3984 868 4033 ’As
885 3984 906 4033 is
923 3982 1040 4043 restored,
1051 3982 1073 4031 it
1089 3982 1165 4045 being
1180 3980 1260 4030 lonnd
1275 3981 1302 4031 in

149 4068 189 4117 vel
207 4069 368 4127 κεκοπιωμένη
384 4068 469 4132 posuit
483 4067 612 4131 interpres,
630 4066 701 4115 velut
749 4067 812 4117 both
821 4067 864 4115 the
876 4065 975 4114 Omra
988 4063 1038 4113 and
1048 4064 1101 4113 An.
1114 4062 1191 4112 MSS.
1203 4063 1301 4123 μήτιγε.

150 4149 249 4209 oblitus,
262 4148 330 4213 quod
343 4148 522 4213 praeoedentsm
533 4148 646 4199 Graecsm
658 4164 700 4197 vo·
798 4146 810 4180 ⁸
825 4163 908 4197 cocum
923 4145 1044 4195 novitate.
1075 4147 1119 4194 As
1138 4144 1260 4207 Interpres
1274 4159 1304 4194 cs

150 4246 204 4279 cern
226 4231 317 4279 διάνοια
338 4229 430 4280 Latine
450 4230 583 4280 masculini
604 4229 701 4294 generis
750 4229 839 4279 Ireruei
856 4226 1162 4289 arcesseremusne
1173 4241 1223 4289 pro
1238 4241 1302 4275 owse

151 4313 260 4361 verterit
306 4312 437 4361 Maesone
467 4312 518 4362 still
547 4313 631 4361 laeves
658 4312 702 4361 the
749 4309 1302 4364 semiambustum-simorum

149 4394 248 4457 ground
258 4410 322 4459 open
333 4394 410 4443 tobis
424 4410 569 4454 successore,
582 4394 633 4443 and
643 4409 700 4443 oon·
750 4396 875 4445 novitates
882 4392 998 4456 poene-it
1007 4391 1135 4454 semipane
1146 4390 1229 4441 hereo.
1264 4390 1304 4440 De

149 4476 234 4526 eludes
256 4478 295 4526 his
312 4481 372 4526 note
390 4478 450 4527 with
468 4478 512 4526 the
529 4476 618 4537 words,
643 4476 701 4527 loci
750 4478 793 4527 boe
804 4477 881 4539 fidem
894 4474 1096 4536 ubuwseeiuot
1109 4481 1163 4537 post
1175 4473 1302 4523 femellis

149 4558 342 4623 tmusombopes
355 4560 454 4609 roeolvut
468 4558 554 4609 melius
564 4558 607 4623 psi
616 4558 698 4621 possit.
751 4576 811 4609 sum
832 4559 863 4607 de
884 4556 1024 4620 Psaros-ips.
1048 4556 1162 4606 ndcernss
1183 4555 1304 4607 bardum

150 4640 189 4691 Ol.
203 4642 255 4691 also
265 4658 308 4707 pp.
322 4656 361 4703 ss,
373 4656 410 4691 or.
753 4656 807 4703 esp.
827 4638 864 4701 16,
882 4637 1060 4689 Ambronomr
1077 4636 1105 4686 is
1123 4637 1250 4688 Cononem.
1267 4638 1303 4688 od
