3225 5184
326 379 392 444 346
716 392 828 446 VANA
853 342 1079 445 dumosrtas

190 565 289 652 tripui
393 549 424 611 2.
469 547 551 629 Quid
577 545 709 611 enimsi
732 567 787 632 per
809 545 868 608 hos
887 552 1018 609 conatus
1041 543 1199 630 paululum
1222 544 1294 630 quis
1313 543 1440 623 elatus,
1463 563 1505 610 eo

169 623 302 744 (ffiipp
328 650 411 737 quod
426 649 580 716 Dominus
594 649 718 728 dixerit,
735 647 809 734 quia
822 657 851 712 rt
864 647 977 734 capilli
989 648 1103 734 capitis
1114 648 1207 712 verta-i
1216 669 1319 711 omues
1334 649 1507 711 numerati

197 733 296 790 mli·
327 765 406 834 ruet,
422 755 542 821 curiose
555 756 709 842 inquirere
725 753 866 833 voluerit,
889 762 923 818 et
939 774 1102 818 numerum
1116 753 1364 838 uuiuscujusque
1380 751 1506 836 capitis

162 869 290 910 uetere
327 857 516 943 capillorum,
533 866 565 922 et
579 878 706 922 causam
721 855 893 944 exquirere,
909 877 964 940 per
978 876 1072 939 quam
1086 854 1137 919 hic
1152 853 1277 939 quidem
1292 863 1425 931 tantos,
1449 853 1506 917 ille

326 968 431 1023 autem
451 969 557 1025 tantos
571 961 699 1046 capillos
713 959 840 1037 habeat,
863 979 926 1022 non
948 957 1093 1022 omnibus
1114 979 1155 1022 ex
1175 979 1267 1043 aequo
1285 956 1505 1032 habentibus,

327 1065 383 1129 sed
395 1063 500 1129 multis
511 1064 645 1130 millibue
655 1086 749 1150 super
760 1063 857 1128 millia
866 1061 935 1130 aliis
947 1070 1043 1147 atque
1057 1061 1127 1127 aliis
1137 1061 1276 1127 numeris
1286 1061 1448 1138 inventis,
1465 1083 1505 1125 eo

327 1166 409 1253 quod
433 1166 485 1231 alii
509 1165 634 1254 quidem
654 1167 781 1252 majora,
803 1166 857 1231 alii
879 1173 987 1230 autem
1006 1165 1127 1230 minora
1145 1167 1283 1230 habeant
1303 1165 1444 1251 capita3
1470 1175 1506 1229 et

326 1269 378 1334 elii
397 1269 521 1356 quidem
542 1269 660 1354 spissos
677 1269 805 1356 capillos
825 1291 958 1355 semper,
981 1267 1033 1334 elii
1054 1276 1160 1333 autem
1175 1289 1273 1345 raros,
1287 1267 1343 1331 alii
1359 1289 1446 1332 vero
1469 1277 1506 1333 et

327 1373 452 1437 omnino
466 1395 583 1458 paucos
603 1371 730 1458 capillos
751 1372 906 1437 habeant:
931 1380 964 1436 et
985 1370 1029 1450 hi,
1052 1371 1105 1458 qui
1127 1378 1241 1456 putant
1261 1392 1297 1434 se
1319 1392 1504 1435 numerum

326 1476 480 1543 invenisse
503 1477 692 1563 capillorum,
711 1483 835 1541 tentent
854 1475 968 1542 reterre
989 1475 1030 1540 ad
1052 1473 1265 1540 testimonium
1285 1494 1356 1537 suae
1381 1483 1501 1552 aeetae,

327 1601 420 1664 quam
435 1580 710 1666 excogitaverunt?
751 1579 822 1643 Aut
839 1578 953 1643 iterum
974 1578 1001 1644 si
1023 1577 1094 1666 quis
1115 1576 1155 1641 ob
1176 1576 1237 1640 hoc
1258 1576 1345 1660 quod
1368 1575 1502 1641 dietum

326 1681 368 1745 sit
382 1681 415 1746 in
431 1681 620 1768 Evangelio:
644 1682 756 1746 Nonae
769 1679 830 1744 duo
837 1701 978 1766 pascerer
992 1701 1057 1744 arro
1074 1677 1227 1743 meam?
1249 1688 1278 1742 et
1290 1700 1378 1742 um
1394 1701 1437 1744 ea·
1451 1680 1503 1744 te

325 1805 386 1850 oca
408 1784 495 1850 cadet
514 1805 606 1870 ruprr
625 1791 741 1850 teram
764 1784 849 1850 ¹re'ao
862 1783 977 1848 Patris
993 1782 1086 1848 vestri
1107 1781 1278 1846 monton.-
1300 1801 1501 1848 enumerare
1512 1799 1559 1835 e:

325 1885 455 1950 voluerit
470 1893 580 1972 eaptus
592 1885 707 1970 ubique
718 1884 857 1972 quotidie
867 1904 1009 1971 passeres
1022 1883 1087 1948 sive
1101 1881 1135 1946 in
1148 1903 1335 1968 unaquaque
1346 1885 1500 1972 regione,

325 1995 359 2053 et
373 2009 500 2054 causmn
515 1989 670 2074 requirere
684 1989 725 2053 ob
740 2009 835 2073 quam
850 1986 917 2053 heri
932 1987 1058 2074 quidem
1076 1994 1193 2063 mutos,
1214 2007 1253 2051 ac
1274 1985 1400 2072 ²pridie
1422 1997 1501 2052 tan·

325 2097 386 2168 tos,
411 2089 503 2155 bodie
525 2099 632 2155 autem
655 2090 768 2156 iterum
789 2089 871 2156 tanti
893 2091 958 2156 siut
981 2090 1034 2177 qui
1055 2090 1139 2175 capti
1163 2097 1256 2154 mut:
1279 2095 1313 2154 et
1332 2100 1499 2157 annecht

325 2212 486 2278 passerum
500 2213 663 2258 numerum
676 2192 718 2257 ad
732 2213 822 2258 suam
836 2203 1070 2280 argumentum
1093 2213 1196 2256 nonne
1209 2191 1348 2278 seipsum
1361 2195 1497 2259 seducit
1581 2182 1584 2231 ¹

325 2293 462 2374 omuino,
489 2301 522 2360 et
544 2317 600 2360 eos
626 2295 678 2381 qui
706 2295 734 2360 ei
756 2295 958 2382 acquiescunt
981 2296 1015 2360 in
1036 2316 1183 2382 magnam
1207 2294 1364 2360 insaniam
1389 2298 1493 2384 cogit,

324 2416 447 2481 semper
473 2397 625 2485 promptis
650 2397 838 2475 homiuibus,
861 2405 899 2462 ut
923 2398 956 2462 in
980 2397 1095 2463 talibus
1123 2395 1257 2482 amplius
1286 2396 1362 2484 quid
1392 2420 1493 2483 qnam

324 2499 466 2587 magistri
488 2523 595 2567 eorum
618 2510 766 2587 putentur
787 2501 960 2566 invenisset

390 2605 423 2667 3.
468 2603 551 2685 Quid
577 2611 684 2668 autem
710 2603 835 2689 siquis
862 2602 1035 2690 interroget
1059 2623 1127 2681 nos,
1152 2602 1180 2668 si
1205 2602 1307 2668 omnis
1334 2623 1492 2670 numerus

324 2704 463 2768 omnium
477 2724 548 2791 quae
562 2712 638 2770 eunt
651 2705 746 2781 facta,
755 2712 788 2769 et
798 2726 869 2790 quae
881 2705 969 2781 flant,
980 2703 1079 2770 scitur
1092 2725 1114 2769 a
1128 2705 1208 2784 Deo,
1220 2713 1255 2769 et
1267 2705 1296 2769 si
1308 2707 1491 2770 secundnm

324 2805 407 2871 illius
421 2805 646 2891 providentiam
657 2805 870 2892 uuusquisque
883 2827 988 2871 eorum
1004 2827 1085 2883 eam,
1101 2827 1172 2893 quae
1185 2806 1358 2872 secuudum
1371 2829 1412 2873 se
1425 2818 1489 2886 est,

323 2908 445 2993 accepit
468 2906 693 2992 quantitatem:
726 2908 878 2995 nobisque
903 2909 1171 2975 consentientibus
1190 2917 1224 2975 et
1246 2909 1488 2990 confitentibus,

324 3009 397 3097 quia
418 3007 495 3073 nihil
516 3008 643 3074 omnino
664 3009 775 3074 honum
795 3013 967 3098 quaefacta
985 3019 1070 3091 mut,
1091 3021 1125 3078 et
1147 3033 1218 3099 quae
1241 3013 1322 3077 liunt
1338 3022 1374 3079 et
1395 3015 1488 3094 fient,

323 3111 488 3178 seientiam
513 3111 575 3178 Dei
598 3112 690 3200 fugit,
717 3114 774 3178 sed
798 3135 855 3198 per
878 3113 962 3180 illius
984 3115 1210 3201 providentiam
1238 3118 1489 3204 unumquodque

323 3236 432 3280 eonrm
445 3224 478 3280 et
492 3215 643 3294 habitum,
658 3224 692 3281 et
711 3215 862 3293 ordinem,
884 3225 918 3282 et
939 3239 1112 3295 numerum,
1127 3225 1161 3283 et
1176 3219 1387 3305 quantitatem
1401 3223 1487 3286 acci-

323 3338 397 3401 pere
411 3325 444 3382 et
457 3319 614 3404 accepisse
628 3319 794 3405 propriam,
815 3327 849 3385 et
868 3319 1089 3386 nihilomnino
1110 3343 1211 3406 neque
1233 3322 1340 3400 ‘vane
1363 3345 1426 3389 nec
1447 3333 1486 3389 ut

323 3421 464 3506 provenit
477 3422 596 3487 factum
609 3431 666 3487 aut
680 3423 757 3501 lieri,
777 3423 833 3488 sed
847 3445 920 3488 cum
939 3445 1055 3511 magna
1068 3426 1228 3511 aptatione
1242 3433 1275 3491 et
1289 3428 1485 3493 conscientia

210 3521 211 3524 ’
322 3523 456 3602 sublimi,
472 3532 505 3589 et
518 3547 586 3590 esse
601 3524 815 3590 admirabilem
835 3527 998 3605 rationem,
1013 3537 1046 3593 et
1058 3549 1131 3594 vere
1145 3527 1281 3594 divinam
1295 3551 1366 3617 quae
1381 3532 1485 3615 poerit

322 3625 500 3710 hujusmodi
521 3635 553 3691 et
575 3627 759 3706 discernere,
780 3637 814 3693 et
835 3651 947 3695 camus
961 3631 1101 3717 proprias
1122 3630 1298 3697 enuntiare:
1322 3633 1485 3719 accipiens

322 3747 344 3791 a
356 3725 447 3790 nobis
461 3726 638 3812 hujusmodi
660 3727 874 3794 testimouium
895 3740 928 3796 et
950 3751 1146 3810 consensum,
1165 3741 1277 3822 pergat
1294 3733 1335 3798 ad
1349 3734 1422 3814 hcc,
1445 3745 1484 3799 nt

323 3836 357 3895 et
381 3851 507 3895 arenam
530 3838 691 3896 enumeret
715 3841 749 3898 et
774 3833 911 3900 calculos
930 3843 1035 3914 terrae,
1058 3836 1166 3902 sedet
1186 3835 1302 3904 fluctus
1321 3838 1429 3916 maria,
1449 3849 1485 3904 et

372 4099 456 4152 ¹Siue
465 4101 552 4152 Putria
562 4103 632 4153 mi
641 4103 771 4170 calumme]
783 4105 879 4155 Volun-
928 4107 1017 4158 tionem
1036 4107 1081 4159 too
1099 4109 1215 4172 plenem
1232 4109 1343 4162 Maiora
1361 4112 1484 4164 mim·

323 4189 375 4234 tate
386 4184 415 4234 e·
424 4184 489 4234 Noui
502 4185 729 4238 Testamentum.
742 4187 812 4236 taut
821 4188 878 4250 lepi-
929 4189 1051 4252 Italicum,
1070 4191 1183 4242 dubitare
1197 4207 1242 4242 nor
1254 4209 1304 4243 noa
1317 4194 1402 4244 deant
1415 4195 1484 4246 Tta-

322 4279 391 4321 πω
408 4264 464 4327 lepit
481 4265 605 4313 antemio
624 4281 667 4316 ruo
684 4267 878 4330 mplrm'lru·
928 4285 1077 4324 numnam
1097 4275 1128 4324 id
1148 4274 1275 4338 aliqum
1296 4276 1333 4326 r'to
1361 4277 1480 4340 ὤμου,

322 4361 396 4406 acue,
409 4353 436 4394 ut
450 4353 471 4396 ot
488 4361 516 4396 a
528 4347 573 4407 lia,
587 4347 629 4396 lto.
644 4359 667 4408 5,
680 4363 734 4410 cap.
748 4361 787 4409 aa,
801 4350 879 4399 vertit
928 4352 1031 4404 Novar.
1047 4356 1078 4405 dc
1089 4355 1159 4406 rien.
1172 4359 1262 4419 copti,
1280 4357 1360 4408 Ona
1375 4357 1424 4422 Bp.
1435 4373 1479 4424 59,

322 4427 457 4490 colligitur:
476 4427 585 4478 Nolenta
594 4429 769 4489 Patreuostrn,
784 4431 828 4493 qui
838 4438 878 4481 est
930 4435 973 4486 01,
985 4443 1040 4486 cute
1049 4438 1164 4499 mium,
1176 4438 1275 4502 aliique.
1305 4439 1408 4490 (lam

323 4509 349 4556 in
360 4509 435 4570 omlis,
449 4525 529 4573 neque
544 4525 628 4573 passer
643 4509 716 4559 cadet
732 4511 757 4560 iu
775 4515 874 4563 terram.
975 4515 988 4548 ¹
1004 4517 1090 4568 Mass
1103 4520 1221 4584 supplies,
1233 4521 1428 4584 meliotis.

323 4587 386 4638 Ante
398 4589 531 4641 Arabicam
546 4607 635 4656 popae
648 4599 669 4641 et
686 4590 811 4644 Persicum
828 4609 876 4644 aer·
975 4595 1048 4650 ’Ca
1060 4599 1160 4650 buthe
1170 4601 1322 4664 oldcrtcrm,
1334 4619 1404 4653 m.
