3225 5184
614 424 905 477 ιιιιιοοι.ιοιιιιιι
1266 409 1331 478 137

76 616 105 655 ,ῃ
179 574 215 649 <li
241 576 334 677 παρὰ
360 590 432 657 τοῖς
453 579 563 652 Αίώσι
591 586 654 652 τοῦ
682 578 920 679 Πληρώματοι
942 579 1125 682 πολυμερες·
1149 611 1396 691 τυγχανον,
1342 602 1420 645 L¹1²¹
1425 609 1468 650 viii
1474 612 1493 651 ι

75 710 105 747 vr.
119 672 156 747 r‘i‘
179 688 336 826 ἅλληι’
319 692 395 764 mi
427 698 570 791 μορφῆι,
607 693 661 764 καί
698 694 814 792 ἑτέρου
846 695 962 779 τύπου,
1000 695 1242 785 γινωσκόμενον
1276 700 1321 767 ria·
1322 697 1493 787 ’ῊΨἮ

177 803 302 873 ἐκείνων
319 808 385 876 τῶν
404 810 602 898 ’συγγενῶη
626 804 670 878 ων
688 838 733 877 πα
719 803 877 899 μεγίθη
897 808 975 907 παρ’
1003 808 1111 878 αώτών
1129 802 1200 913 [H.
1219 803 1329 914 arira]
1346 825 1486 835 “““

177 916 253 987 ἔστι
293 914 482 993 διαπαντός.

258 1026 290 1097 6.
347 1028 454 1101 Ταῦτ’
484 1026 538 1101 οὖν
572 1028 616 1101 τὰ
648 1030 726 1128 παρ’
752 1032 825 1113 ὖμΐν
853 1032 1114 1130 εἰκοσιτέσσαρα
1141 1028 1329 1131 γράμματα

176 1140 362 1238 ἆποῤῥοίας
396 1138 556 1240 ὑπάρχειν
590 1142 730 1233 γίνωσκε
769 1148 836 1213 τῶν
876 1148 978 1242 τριῶν
1022 1141 1181 1227 δυνάμεων
1217 1148 1330 1216 είκονι-

176 1248 242 1335 κᾶς,
272 1258 338 1323 τῶν
366 1260 589 1352 περιεχουσῶν
617 1250 686 1361 [Η.
716 1261 806 1325 habet
837 1250 1124 1360 ι’μπεριεχουσῶν]
1155 1255 1218 1328 τὸν
1247 1256 1330 1329 ὅλον

175 1368 243 1435 τῶν
260 1362 324 1435 ἅνω
343 1368 521 1463 στοιχείων
538 1366 599 1438 τὸν
619 1367 769 1466 ἀριθμόν.
823 1366 879 1437 Τὰ
902 1366 962 1452 μὲν
985 1367 1054 1465 γὰρ
1077 1368 1193 1466 ι’ίφωνα
1219 1367 1330 1469 γράμ-

174 1507 269 1558 ματα
289 1479 376 1547 ἐννέα
396 1478 532 1562 νόμισον
551 1476 628 1549 εἶναι
654 1484 716 1550 τοῦ
741 1478 884 1578 Πατρόι·
907 1480 961 1551 καί
986 1489 1044 1563 τῆς
1059 1480 1248 1566 Ἀληθείας,
1274 1480 1327 1552 διὰ

175 1586 220 1659 τὸ
247 1588 396 1688 ἀφώνους
427 1591 543 1668 αὐτοὺς
577 1590 665 1675 εἶναι,
696 1592 877 1665 τουτέστιν
905 1593 1068 1691 ἆῤῥητουι
1103 1592 1157 1663 καί
1191 1594 1328 1664 ἇνεκλα-

175 1704 305 1783 λῆτους.
364 1701 420 1774 Τὰ
451 1701 486 1773 δὲ
514 1704 666 1802 ἡμίφωνα
698 1703 793 1787 όκτίο,
824 1705 907 1776 ὄντα
937 1711 1001 1777 τοῦ
1030 1702 1154 1796 Λόγου
1175 1706 1229 1776 καί
1267 1714 1326 1788 τῆς

174 1812 272 1898 Ζωῆι,
292 1811 345 1884 διὰ
367 1814 411 1887 τὸ
434 1816 522 1898 με’σο
549 1814 664 1914 ώσπερ
689 1813 850 1914 ὑπάρχειν
874 1820 941 1888 τῶν
961 1848 1002 1888 τε
1022 1817 1162 1916 ἆφώνων
1181 1819 1234 1888 καί
1259 1824 1326 1891 τῶν

174 1926 377 2023 φωνηέντων·
406 1927 459 1998 καί
485 1926 704 2023 ἆναὸίχεσθαι
725 1933 791 2001 τῶν
809 1926 869 2011 μὲν
886 1924 1026 2028 ι’ίπερθεν
1045 1930 1105 2011 τὴν
1128 1930 1324 2028 ἆπώρῤοιαν,

175 2041 241 2108 τών
269 2035 296 2107 ‹l'
320 2037 402 2137 ὑπὲρ
429 2040 528 2124 αὐτὴν
558 2035 628 2146 [Η.
661 2049 681 2115 l.
714 2042 766 2111 ὑπ’
795 2035 900 2145 αὐτὰ]
930 2041 990 2123 τὴν
1017 2042 1222 2141 ’ἀναφοράν
1266 2042 1324 2114 Τὰ

175 2146 209 2218 δὲ
238 2155 411 2249 φωνήεντα
435 2152 489 2223 καί
518 2150 602 2223 ariaci
633 2150 721 2223 ἔπτὰ
748 2154 832 2224 ὅντα
863 2157 927 2226 τοῦ
955 2153 1154 2252 Ἀνθρώπου
1183 2155 1236 2226 καί
1268 2163 1326 2239 τῆς

171 2260 382 2347 Ἐκκλησίας,
403 2265 473 2335 ε’πεί
497 2261 550 2334 διὰ
570 2269 632 2335 τοῦ
648 2264 850 2364 Ἀνθρώπου
867 2264 959 2363 φωνίη
978 2270 1204 2365 προελθοῦσα,
1228 2268 1327 2366 ε’μόρ-

93 2412 97 2421 ·
130 2410 135 2421 ·
174 2380 271 2473 φωσε
290 2373 335 2447 τὰ
353 2377 428 2447 ὅλα.
478 2377 520 2446 Ὁ
541 2374 610 2476 γὰρ
629 2377 709 2473 ἦχος
726 2384 784 2460 τῆς
803 2380 912 2476 φωνῆς
930 2379 1087 2478 3μορφὴν
1106 2380 1217 2457 αὐτοῖς
1234 2411 1327 2479 περι-

172 2614 268 2681 tionis
284 2616 457 2702 cognitum.
501 2618 582 2681 lllud
597 2623 705 2682 autem
718 2617 802 2703 quod
820 2622 868 2681 est
884 2616 969 2700 apud
989 2616 1112 2681 AEonas
1125 2617 1326 2695 Pleromatis,

173 2736 245 2779 eum
258 2716 300 2780 sit
317 2716 525 2782 multifarium
538 2716 702 2790 exsistens,
714 2716 845 2781 alterius
859 2721 909 2781 est
921 2715 1041 2790 formoe,
1055 2723 1089 2780 et
1102 2716 1232 2781 alterius
1244 2719 1324 2803 typi,

173 2815 257 2899 quod
275 2813 464 2901 intelligitur
487 2818 528 2881 ab
554 2816 627 2902 ipsis
644 2816 698 2900 qui
719 2823 794 2881 sunt
820 2813 948 2902 cognati
969 2813 1038 2901 ejus
1055 2837 1188 2900 quorum
1203 2816 1324 2902 magni-

172 2914 299 2980 tudines
315 2915 402 2999 apud
414 2938 487 2980 eum
504 2922 579 2981 sunt
596 2937 729 3001 semper.

246 3016 275 3079 6.
318 3014 408 3081 ⁴Has
425 3015 533 3102 igitur,
552 3037 622 3100 quae
640 3015 726 3101 apud
749 3035 806 3079 uos
829 3010 904 3099 [Ge.
926 3015 1031 3080 melias
1050 3014 1136 3101 apud
1153 3014 1224 3101 vos]
1247 3024 1324 3082 sunt

170 3109 282 3198 viginti
299 3121 439 3199 quatuor
453 3116 565 3189 literae,
579 3114 796 3179 emanationes
813 3136 881 3178 esse
897 3113 1040 3200 intelligo
1054 3114 1153 3178 trium
1167 3114 1323 3180 virtutum

169 3208 362 3300 imaginales,
384 3236 493 3280 eorum
510 3237 580 3300 quae
606 3213 770 3279 continent
787 3212 980 3285 universum,
1002 3234 1073 3297 quae
1093 3219 1168 3276 sunt
1186 3235 1321 3293 sumum,

167 3307 397 3378 elementorum
418 3336 592 3380 numerum.
640 3312 770 3377 *Mutae
790 3311 875 3377 euim
894 3311 1003 3376 literas
1025 3332 1136 3377 novem
1154 3320 1234 3397 puta
1254 3334 1323 3377 esse

169 3408 278 3477 Patris
295 3422 329 3479 et
349 3414 518 3490 Veritatis,
536 3410 686 3500 quoniam
701 3412 769 3476 siue
791 3433 868 3476 voee
884 3410 960 3485 sint,
976 3410 1036 3475 hoo
1056 3417 1115 3484 est,
1140 3418 1174 3475 et
1198 3409 1322 3475 inenar-

166 3509 282 3575 rabiles
309 3521 343 3579 et
375 3513 600 3600 ineloquibiles.
651 3510 882 3577 ‘Semivoeales
906 3517 1015 3576 autem
1043 3532 1115 3575 oum
1143 3509 1208 3575 sint
1236 3518 1320 3587 οοιο,

168 3606 248 3696 Legi
272 3634 340 3677 esse
362 3622 396 3680 et
421 3614 514 3687 Zeis,
541 3611 690 3699 quoniam
716 3611 805 3696 quasi
823 3610 936 3674 medias
961 3609 1026 3675 sint
1051 3610 1138 3675 inter
1160 3618 1266 3675 mutas
1286 3620 1322 3677 et

166 3709 307 3775 vocales:
333 3722 368 3778 et
389 3713 531 3798 recipere
556 3734 666 3777 eorum
694 3710 822 3796 quidem
847 3732 918 3795 quae
941 3709 1127 3796 supersint,
1145 3710 1322 3775 emanatio·

166 3828 248 3881 uem,
267 3832 377 3876 eorum
393 3834 467 3877 vero
485 3833 556 3898 quae
575 3811 699 3875 subsint
723 3809 942 3874 elevationem.
996 3807 1133 3874 Voeales
1153 3817 1262 3874 autem
1287 3816 1321 3875 et

166 3906 250 3991 ipsas
266 3918 390 3995 septem
412 3933 489 3993 esse,
508 3910 671 3996 Anthropi
689 3922 722 3974 et
739 3906 911 3976 Eeelesioe:
937 3908 1086 3994 quoniam
1103 3930 1161 3993 per
1177 3908 1321 3975 Anthro-

165 4030 242 4094 pum
260 4034 320 4078 vox
335 4012 542 4101 progrediens
557 4008 707 4076 formavit
723 4007 837 4072 omnia
863 4010 966 4073 Sonus
982 4007 1066 4072 enim
1083 4006 1167 4072 voeis
1184 4006 1320 4072 formam

214 4228 223 4261 ¹
241 4230 371 4291 συγγενῶν,
386 4229 429 4278 the
440 4228 565 4287 ἡλικιῶται
577 4226 681 4289 ἄγγελοι
691 4224 721 4273 oi
766 4220 839 4269 allow
849 4219 892 4268 the
902 4218 973 4269 areth
984 4218 1013 4267 oi
1021 4217 1139 4267 Gnssu’s
1153 4217 1316 4281 supposition,

164 4310 207 4359 the
219 4310 332 4359 Saviour.
347 4308 391 4365 ιθ
407 4322 443 4369 ιη.
766 4302 824 4351 that
840 4302 884 4350 the
904 4300 1040 4349 translator
1057 4298 1175 4348 rendered
1192 4300 1272 4348 ταῦτα
1293 4299 1320 4347 in

213 4386 225 4420 ¹
241 4388 359 4450 ἀναφορὰ,
373 4388 416 4437 the
427 4400 544 4435 convenae
555 4384 584 4433 οι
592 4382 715 4449 aratam.
766 4384 810 4434 the
825 4388 921 4443 neuter,
941 4381 1048 4430 without
1064 4380 1196 4443 observing
1210 4380 1267 4428 that
1277 4380 1320 4429 the

212 4468 362 4535 ’Compare
374 4481 392 4519 1.
405 4468 418 4527 5
430 4481 453 4533 9.
766 4464 874 4515 oonoord
881 4464 970 4513 should
981 4461 1187 4513 bavebesnwitlr
1198 4460 1278 4511 irim.

213 4548 294 4598 ‘The
314 4548 391 4597 Mes,
410 4564 452 4597 are
469 4562 497 4595 ιο
519 4546 668 4595 unanimous
691 4546 716 4594 in
816 4546 941 4606 ‘Mutae
958 4544 1002 4594 i.e.
1022 4552 1048 4606 φ,
1055 4546 1113 4606 χ,θ.
1130 4561 1156 4602 π,
1165 4561 1186 4603 κ,
1194 4560 1218 4592 r.
1231 4545 1289 4605 β,γ,
1297 4544 1318 4592 δ.

166 4630 268 4694 reading
279 4629 345 4689 uec,
357 4629 413 4679 that
425 4628 476 4677 itis
488 4626 627 4691 impossible
639 4632 682 4675 not
691 4632 717 4677 to
816 4626 828 4659 ⁸
845 4626 1016 4685 Semivoesles,
1026 4625 1068 4675 ie.
1077 4627 1101 4685 λ,
1109 4643 1134 4686 μ,
1142 4642 1162 4686 ν,
1168 4643 1190 4686 ρ.
1204 4642 1228 4685 σ,
1236 4627 1282 4686 M,
1290 4628 1318 4687 ψ.
