3225 5184
335 389 402 457 sot
605 455 607 461 ,
790 404 878 468 onis
905 402 1029 458 maus

173 557 508 661 preparationem
531 579 602 624 eam
616 579 686 643 quae
701 564 751 623 est
761 564 836 623 ante
846 554 1111 633 constitutionem,
1121 552 1179 619 sed
1191 574 1256 617 non
1269 572 1341 619 eam
1355 572 1427 637 qum
1439 558 1498 616 est

186 624 312 801 (ιῖιέξῆ
281 714 309 755 u
307 661 507 727 -seeundum
521 660 775 727 constitutionem
789 658 1020 725 eonsentientes
1032 656 1074 723 ad
1087 653 1351 721 consonationem.
1385 654 1497 735 Quam
1508 668 1537 709 ⁰
1547 670 1577 707 ¹⁶

174 762 462 848 „g—quidem
481 786 539 829 nos
562 764 602 829 de
627 763 803 829 conditione
825 760 1034 838 enuntiantes,
1059 758 1208 846 aptabilia
1230 758 1384 831 dicimus;
1415 764 1498 842 apta

337 874 387 931 est
407 866 491 931 enim
504 867 574 931 haee
594 863 815 954 rhythmizatio
839 863 907 929 ¹his
925 886 995 949 quae
1014 865 1098 929 lanta
1115 870 1190 927 sunt
1208 861 1281 927 huie
1303 860 1498 947 rhythmiza·

337 967 434 1034 tioni:
450 968 519 1034 illos
531 977 638 1034 autem
649 966 805 1055 propriam
817 988 944 1033 eausam
958 967 998 1033 de
1012 966 1063 1032 his
1076 988 1147 1053 quse
1160 965 1317 1031 anteriora
1329 972 1415 1042 suut,
1424 973 1460 1030 et
1473 986 1498 1029 a

337 1070 514 1159 semetipsis
527 1072 673 1157 perlecta,
696 1092 759 1137 non
779 1071 932 1136 habentes
946 1069 1117 1148 enuntiare,
1137 1068 1171 1133 in
1183 1089 1338 1134 summam
1350 1066 1497 1153 aporiam

338 1173 472 1241 incidere
487 1196 613 1240 neeesse
627 1181 686 1240 est.

404 1280 436 1343 2.
481 1278 558 1361 Quae
584 1276 667 1343 enim
692 1298 750 1343 nos
771 1277 813 1342 de
837 1274 1059 1342 constitutione
1080 1273 1164 1341 velut
1192 1274 1372 1361 ignorantes
1396 1272 1497 1339 inter·

339 1390 461 1468 rogant,
488 1382 547 1470 ipsi
570 1382 610 1448 de
633 1382 811 1447 Pleromate
835 1404 853 1448 e
879 1374 1033 1447 contrario
1057 1380 1249 1467 interrogati,
1269 1378 1318 1445 vel
1340 1379 1498 1444 humanas

338 1484 519 1551 affectiones
539 1485 738 1563 enarrabunt,
753 1484 802 1549 vel
824 1484 857 1548 ιι
879 1505 951 1549 eum
973 1482 1162 1549 descendent
1175 1503 1360 1560 sermonem,
1375 1480 1429 1566 qni
1442 1489 1498 1547 est

338 1608 413 1673 erga
427 1586 660 1653 consonantiam
675 1608 745 1673 quea
759 1596 809 1653 est
823 1586 855 1651 in
869 1594 1020 1661 ereatura,
1036 1583 1200 1672 improprie
1214 1584 1436 1671 respondentes
1453 1584 1498 1649 de

338 1690 492 1770 secundis,
514 1699 548 1757 et
568 1713 632 1757 non
653 1690 824 1757 seeundum
844 1712 899 1756 eoa
916 1689 1086 1776 deprimis.
1124 1687 1197 1753 Non
1211 1688 1294 1753 enim
1308 1687 1348 1753 de
1364 1708 1403 1753 ea
1421 1708 1497 1772 quae

339 1800 389 1857 est
405 1793 576 1859 seeundum
597 1802 772 1859 ereaturam
793 1790 1007 1870 consonantia,
1029 1813 1088 1856 nee
1103 1790 1144 1855 de
1164 1789 1309 1854 humanis
1321 1790 1497 1855 affectioni·

339 1896 399 1961 bus
420 1896 645 1984 interrogamus
666 1916 735 1974 θοις
759 1896 816 1961 sed
837 1894 911 1980 qnia
932 1893 1039 1978 utique
1061 1894 1207 1959 Pleroma
1232 1893 1380 1979 ipsorum,
1401 1894 1498 1979 eujus

341 1998 507 2084 imaginem
522 2008 695 2063 creaturam
709 2020 778 2063 esse
792 1999 909 2075 dieunt,
930 1997 1101 2074 ootil'orme,
1115 2006 1149 2062 et
1166 1996 1343 2074 deoilorme,
1365 2004 1398 2061 et
1418 1996 1498 2061 duo-

340 2099 507 2164 deeilorme
520 2107 579 2177 est,
591 2122 669 2165 vane
685 2108 717 2165 et
732 2099 900 2185 improvide
911 2100 1057 2165 Pleroma
1070 2098 1221 2185 ejusmodi
1236 2099 1344 2186 figurae
1355 2098 1498 2165 effecisse

342 2202 471 2267 Patrem
491 2202 627 2286 ipsomm
641 2202 831 2279 fatebuntur,
853 2211 886 2268 et
900 2202 1128 2268 deformitatem
1142 2202 1379 2269 circumdabunt
1393 2201 1498 2281 Patri,

341 2302 369 2369 si
383 2302 633 2369 irrationabiliter
645 2303 760 2389 aliquid
774 2304 859 2371 lecit.
904 2306 972 2369 Aut
988 2326 1095 2369 rursus
1107 2304 1135 2370 ai
1149 2305 1319 2369 seeundum
1334 2303 1498 2389 providen-

340 2406 419 2471 tiam
434 2406 540 2471 Patris
560 2406 665 2472 dicent
684 2408 731 2473 sio
750 2408 898 2474 emissum
922 2408 1068 2473 Pleroma
1084 2416 1211 2494 propter
1229 2415 1413 2485 creaturam,
1428 2406 1497 2472 'uti

341 2511 420 2574 bene
434 2509 631 2596 rhythmizati
647 2510 747 2599 ipsam
760 2511 939 2591 essentiam,
955 2513 1023 2599 jam
1036 2533 1100 2576 non
1115 2520 1241 2599 propter
1254 2533 1289 2577 se
1303 2513 1422 2576 tautum
1436 2510 1500 2575 erit

342 2613 496 2692 Pleroma,
526 2612 582 2679 sed
607 2622 732 2702 propter
756 2637 827 2680 eam
853 2636 923 2700 quae
947 2615 1118 2680 seeundum
1142 2614 1374 2679 similitudinem
1399 2612 1501 2699 ipsius

343 2716 448 2783 lutura
460 2727 544 2783 esset
558 2718 677 2805 imago:
704 2718 980 2805 (quemadmodum
998 2740 1068 2803 quae
1083 2718 1122 2783 de
1135 2717 1202 2783 luto
1220 2724 1280 2795 est,
1295 2738 1359 2781 nou
1370 2722 1502 2803 propter

343 2819 542 2905 semetipsam
557 2820 709 2907 liguratur
727 2829 853 2896 statua;
874 2818 930 2885 sed
944 2827 1071 2905 propter
1085 2842 1156 2885 eam
1169 2842 1239 2905 quae
1256 2841 1296 2883 ex
1315 2830 1501 2898 aeramento,

343 2922 391 2986 vel
405 2943 491 3001 auro,
507 2922 555 2988 vel
569 2930 699 3009 argento
713 2922 809 2989 habet
822 2924 904 3003 lieri)
920 2932 953 2988 et
967 2922 1146 2988 honoratior
1166 2931 1310 2989 ereatura
1323 2922 1383 2988 erit
1403 2944 1502 3009 quam

347 3022 500 3104 Pleroma,
516 3023 542 3089 si
556 3033 682 3112 propter
696 3024 779 3090 illam
794 3026 847 3091 illa
860 3024 975 3091 emissa
988 3033 1073 3092 sunt.

811 3274 912 3341 OAP.
935 3275 1024 3341 XX.

348 3430 532 3523 Quoniam
548 3430 582 3505 si
597 3430 679 3530 qnos
695 3444 915 3507 transmotae
929 3431 1051 3529 fuerit
1071 3457 1097 3505 o
1115 3431 1330 3530 Demiurgo,
1350 3431 1391 3507 io
1407 3434 1505 3509 mot

381 3562 434 3624 tos
454 3550 554 3623 Deos
572 3562 604 3623 et
622 3548 783 3647 infinitos
799 3547 956 3623 mundos
973 3548 1139 3624 excidere
1155 3575 1237 3624 eum
1254 3576 1391 3625 neeesse
1410 3562 1474 3625 est.

347 3732 375 3792 l.
414 3728 451 3793 Sr
477 3737 583 3795 antem
608 3729 683 3793 nulli
708 3751 816 3795 eorum
841 3728 992 3795 assentire
1011 3729 1174 3807 voluerint,
1199 3729 1347 3814 quoniam
1374 3729 1592 3799 contin-ram.

345 3838 455 3896 nentur
468 3853 489 3897 a
502 3831 601 3910 uobis,
622 3853 685 3896 non
700 3832 852 3898 habentes
866 3834 994 3899 reddere
1009 3855 1136 3899 oausam
1150 3833 1222 3899 talis
1236 3833 1411 3899 emissionis
1427 3834 1504 3899 Ple-

345 3934 475 3999 romatis
496 3934 642 4021 ipsorum,
665 3943 817 4023 cogentur
836 3936 988 4016 concludi,
1012 3938 1058 4002 uti
1083 3938 1290 4003 confiteantur
1308 3958 1404 4022 supra
1428 3935 1507 4002 Ple·

345 4058 434 4103 roma
456 4037 587 4102 alteram
609 4038 765 4123 quandam
790 4060 860 4104 esse
880 4039 1113 4126 dispositionem
1138 4039 1240 4127 magis
1260 4038 1443 4126 spiritalem,
1466 4048 1504 4105 et

345 4139 447 4229 magis
470 4139 693 4221 dominantem,
722 4142 894 4208 seeundum
922 4164 1017 4227 quam
1042 4143 1250 4209 deformatum
1279 4150 1330 4208 est
1355 4142 1505 4208 Pleroma

345 4357 404 4407 τάδε
426 4359 516 4406 τούτων
534 4364 615 4419 φασιν,
639 4358 687 4420 χρὴ
709 4359 736 4407 δὲ
757 4360 837 4407 rutra
857 4360 899 4407 τὸν
998 4358 1008 4390 ¹
1025 4358 1072 4419 leia,
1085 4360 1101 4408 i.
1112 4375 1132 4409 e.
1145 4358 1174 4407 in
1185 4357 1232 4408 leia.

346 4438 404 4487 teror
423 4438 489 4499 ἔχειν
509 4438 589 4499 λιγιν,
611 4440 653 4487 τὸν
671 4439 717 4500 πρὸ
736 4440 779 4497 τῆς
800 4439 900 4489 κτίσεως
997 4439 1192 4505 ¹erytlrmizati
1203 4435 1509 4501 inadioaaiqasssmim

345 4519 402 4569 ἀλλ’
415 4522 442 4569 οὐ
453 4522 495 4569 τὸν
506 4522 570 4569 κατὰ
580 4522 624 4580 τὴν
640 4522 724 4581 κτίσιν,
741 4520 900 4581 toroneam
945 4536 994 4585 pro
1006 4521 1161 4585 disponentia
1177 4521 1213 4569 ool
1224 4520 1362 4569 ordinantis
1376 4516 1468 4581 deripe,
1486 4526 1509 4569 et

346 4602 379 4651 ιιι
389 4604 534 4664 waderloe,
552 4604 569 4653 i.
577 4619 599 4653 e.
612 4602 788 4655 cormelientio.
949 4601 985 4652 od
996 4601 1079 4651 Patria
1089 4600 1161 4665 refer.
1179 4600 1267 4650 Mam
