3225 5184
311 372 375 441 172
773 386 1006 440 assummum

151 563 292 651 &¹¹33ss
312 547 512 617 πολυτελῶν
526 546 776 628 κεκοσμημένον,
797 544 858 628 την
881 542 1029 644 τετρόδα
1054 544 1222 626 σημαίνειν
1248 541 1460 645 διορίζονται·

169 657 273 743 {53⁸9}
311 658 364 729 καί
398 658 428 728 εἴ
458 688 534 729 τινα
565 660 707 729 τοιαῦτα
740 667 845 729 κεῖται
875 659 911 728 έν
940 667 1013 734 ταῖς
1047 662 1206 756 γραφαῖς,
1235 659 1279 734 sie
1307 655 1368 729 τόν
1395 660 1463 727 τῶν

145 778 295 789 ”““”“
311 771 486 870 τεσσάρων
525 768 679 853 δυυόμενα
714 768 858 861 ἄγεσθαι
896 770 1046 868 ἆριθμδν,
1083 767 1136 839 διὰ
1172 769 1235 852 την
1279 768 1463 868 τετρακτῦν

312 884 419 955 αῦτῶν
454 888 541 981 φασι
577 881 760 974 γεγονέναι.
803 883 875 965 Τὴν
903 880 938 952 δὲ
969 880 1120 975 όγδοόδα
1150 883 1254 953 πόλιν
1280 880 1461 953 δείκνυσθαι

314 991 425 1072 οὕτως·
463 996 496 1065 ἐν
522 1002 565 1087 τῇ
597 993 700 1087 όγδόη
734 999 800 1065 τῶν
830 1000 954 1094 ἡμερῶν
985 996 1182 1066 πεπλάσθαι
1213 996 1373 1085 λέγουσιν
1399 991 1463 1065 τδν

314 1106 498 1207 ἄνθρωπον.
534 1106 632 1179 Ποτὲ
649 1105 793 1206 μὲνγὰρ
814 1106 914 1179 αῦτδν
930 1114 977 1201 τῇ
990 1110 1067 1201 ἕκτη
1077 1109 1261 1196 βούλονται
1277 1107 1461 1199 γεγονέναι,

314 1218 401 1291 ποτέ
431 1219 465 1290 δὲ
493 1222 536 1313 τῇ
567 1218 680 1313 ὀγδόη,
711 1223 738 1290 εί
766 1220 811 1304 μὴ
837 1218 899 1292 τδν
927 1219 988 1304 μέν
1017 1218 1132 1317 χοΐκδν
1156 1220 1190 1290 έν
1218 1226 1266 1313 τῇ
1288 1220 1365 1313 ἕκτη
1396 1224 1462 1292 τῦν

315 1337 439 1430 ἡμερῶν
469 1333 580 1431 ε’ροῦσι
618 1332 825 1416 πεπλάσθαι,
859 1331 921 1404 τδν
953 1331 987 1403 δέ
1018 1330 1175 1431 σαρκικδν
1203 1333 1236 1402 έν
1268 1340 1312 1426 τῇ
1346 1330 1542 1425 όγδόη·ρ,μ,

315 1445 512 1517 διέστολται
538 1442 607 1544 γὰρ
626 1450 735 1517 ταῦτα
754 1447 834 1545 παρ’
860 1447 979 1522 αῦτοῖς.
1008 1445 1122 1516 Ἔνιοι
1141 1442 1176 1515 δέ
1197 1442 1304 1515 ἄλλον
1325 1446 1461 1515 θέλουσι

314 1558 375 1631 τόν
403 1560 478 1630 κατ’
506 1559 611 1629 εἰκόνα
643 1557 697 1627 καί
729 1558 887 1641 ὁμοίωσιν
916 1558 1005 1629 θεοῦ
1032 1559 1202 1651 γεγονότα
1241 1558 1464 1655 ἀρσενόθηλυν

314 1671 496 1771 ἄνθρωπον,
524 1671 578 1741 καί
607 1676 730 1744 τοῦτον
760 1669 838 1741 εἶναι
865 1669 926 1742 τὸν
952 1672 1180 1755 πνευματικόν·
1206 1669 1315 1740 ἄλλον
1342 1667 1377 1739 δέ
1402 1668 1463 1740 τὸν

315 1787 348 1855 εἰε
372 1788 430 1868 τῆς
454 1792 513 1876 γῆς·
540 1784 749 1855 πλασθέντα.
785 1783 857 1854 Καί
882 1783 943 1866 τῆν
966 1792 1024 1867 τῆς
1048 1784 1196 1871 κιβωτοῦ
1220 1781 1255 1853 δέ
1279 1782 1465 1866 οἰκονομίαν

315 1900 348 1967 έν
368 1900 418 1986 ’τῷ
441 1900 674 1985 κατακλυσμῷ,
705 1898 737 1966 έν
757 1898 779 1991 ᾔ
799 1896 886 1969 όκτίο
906 1895 1073 1995 ἅνθρωποι
1092 1894 1302 1979 διεσιόθησαν,
1318 1896 1467 1994 φανερό-

1208 2007 1217 2032 ι
1278 2007 1287 2032 2
1317 2007 1326 2032 ι

314 2008 409 2081 τατό
434 2016 522 2107 φασι
550 2008 610 2091 τὴν
633 2012 796 2107 σωτήριον
821 2007 971 2101 όγδοόδα
995 2009 1130 2093 μηνύειν.
1166 2008 1221 2079 Το
1248 2039 1330 2079 αυτο
1372 2005 1465 2077 irai

316 2119 378 2193 τόν
407 2119 532 2207 Δαβίδ,
561 2119 684 2212 ὄγδοον
721 2123 803 2192 ὄντα
839 2129 882 2215 τῇ
914 2122 1040 2213 γενέσει
1072 2126 1140 2196 τῶν
1171 2119 1326 2219 ἀδελφῶν
1356 2120 1465 2204 αῦποῦ,

413 2234 421 2259 l
659 2234 667 2259 t

317 2264 492 2316 σημαινειυ.
521 2230 608 2305 Ἔτι
628 2265 690 2316 μην
701 2233 754 2304 καί
774 2233 835 2315 τὴν
856 2235 1047 2333 περιτομὴν,
1063 2237 1269 2333 όκταῆμερον
1286 2233 1465 2325 γινομένην,

316 2344 359 2418 τδ
389 2346 579 2444 περίτμημα
610 2348 670 2427 τῆς
703 2344 767 2417 ἄνευ
794 2344 958 2438 όγδοόδος
986 2345 1114 2429 δηλοῦν.
1160 2345 1231 2417 Καὶ
1257 2350 1371 2421 ἁπλῶς
1399 2346 1467 2416 ὅσα

314 2563 477 2628 ordinibus
490 2562 628 2649 lapidum
640 2564 853 2649 pretiosorum
866 2565 1066 2639 adornatum,
1080 2565 1356 2650 quaternationem
1372 2561 1469 2650 signi·

315 2664 412 2729 floaro
429 2664 620 2751 praefiniunt.
673 2662 762 2729 Etsi
780 2686 843 2749 qua
860 2664 988 2729 omnino
1006 2664 1084 2730 talia
1100 2673 1175 2729 sunt
1196 2664 1301 2751 posita
1322 2663 1354 2727 in
1371 2662 1469 2747 serip-

318 2764 406 2837 turis,
426 2786 496 2849 quae
513 2772 653 2848 quatuor
669 2772 801 2849 possunt
819 2785 985 2827 numerum
1003 2764 1178 2851 designare,
1191 2771 1323 2850 propter
1340 2772 1468 2849 quater·

317 2865 479 2928 nationem
497 2862 636 2947 ipsorum
653 2863 765 2928 dicunt
785 2864 931 2927 'fautum
968 2863 1214 2928 Ootonationom
1224 2886 1333 2928 rursus
1342 2861 1469 2927 ostendi

316 2962 381 3027 sio:
409 2964 442 3026 in
460 2969 572 3027 ootavo
596 2962 719 3027 dierum
735 2962 909 3027 formatum
930 2962 1041 3027 dieunt
1064 2964 1233 3027 hominem.
1285 2961 1469 3047 Aliquando

318 3062 403 3126 onim
420 3062 530 3127 volunt
547 3085 617 3127 sum
636 3071 728 3126 sexto
746 3062 798 3126 die
820 3063 950 3137 fastum,
967 3063 1137 3148 aliquando
1163 3072 1271 3127 autom
1293 3062 1326 3128 in
1345 3069 1469 3136 ootavo,

317 3162 377 3227 nisi
403 3163 486 3228 forte
510 3162 652 3227 choicum
680 3161 807 3247 quidem
833 3162 865 3225 in
891 3174 985 3227 sexto
1011 3164 1133 3227 dierum
1160 3164 1269 3227 dicunt
1286 3162 1469 3234 formatum,

318 3264 478 3327 carnalem
495 3270 603 3327 autem
622 3261 655 3326 in
673 3270 806 3327 octavo:
833 3260 986 3327 distincta
1001 3272 1077 3327 sunt
1097 3263 1180 3327 enim
1203 3262 1271 3327 haeo
1295 3261 1381 3347 apud
1404 3283 1468 3324 oos.

319 3362 458 3438 Quidam
475 3372 582 3428 autom
601 3369 634 3427 ot
652 3362 788 3426 alterum
809 3384 877 3425 esso
894 3362 1004 3427 volunt
1024 3362 1077 3447 qui
1101 3362 1275 3427 seeundum
1299 3360 1470 3447 imaginem

318 3471 351 3526 et
367 3462 604 3526 similitudinem
624 3460 686 3526 Dei
703 3460 807 3526 fastus
823 3469 872 3526 est
889 3462 984 3525 homo
1002 3462 1141 3526 musculo
1155 3462 1329 3538 imminens,
1342 3469 1374 3525 et
1387 3460 1472 3523 huno

318 3584 386 3625 esso
401 3561 598 3645 spiritalem:
626 3561 762 3625 alterum
780 3568 888 3625 autem
907 3562 960 3646 qui
977 3584 1017 3626 ex
1034 3572 1122 3627 terra
1139 3562 1312 3648 plasmatus
1329 3560 1379 3624 sit.
1424 3558 1473 3623 Et

155 3684 292 3725 inomao.
319 3682 403 3724 arcae
422 3671 529 3724 autem
548 3660 785 3745 dispositionem
809 3661 840 3724 in
863 3662 1064 3747 cataclysmo,
1087 3662 1119 3726 in
1144 3685 1208 3748 qua
1233 3671 1307 3726 octo
1327 3658 1471 3723 homines

319 3758 445 3823 liberati
463 3765 548 3834 sunt,
567 3760 822 3825 manifestissimo
840 3762 949 3826 dieunt
975 3763 1153 3848 ogdoadem
1181 3759 1260 3847 [adj.
1280 3756 1469 3845 salutarem]

153 3882 269 3922 mmm.
278 3881 304 3920 10.
320 3861 497 3924 ostendere.
552 3858 624 3924 Ηοο
654 3868 762 3925 autom
794 3861 879 3925 idem
912 3868 945 3925 et
980 3861 1095 3938 David,
1124 3883 1198 3926 oum
1227 3868 1356 3926 ootavus
1386 3864 1470 3924 esset

318 3960 445 4046 genitus
462 3960 547 4025 inter
563 3960 679 4025 fratres
694 3982 778 4038 suos,
797 3960 985 4046 significare.
1037 3962 1155 4027 Adhuo
1172 3963 1269 4028 etiam
1288 3968 1321 4023 et
1338 3960 1472 4023 oiroum·

153 4080 293 4121 emmiu
318 4058 477 4143 oisionem,
503 4084 573 4148 quae
595 4070 707 4125 octavo
729 4060 780 4125 dio
800 4062 854 4139 fit,
872 4061 1141 4126 circumsisionem
1163 4057 1333 4149 superioris
1353 4058 1472 4145 ogdoa·

154 4136 209 4175 ἠδ’
317 4160 366 4224 dis
383 4161 596 4225 manifestare.
624 4160 671 4226 Et
684 4161 812 4226 omnino
824 4162 1234 4247 quaeounqueinveniuntur
1250 4162 1281 4225 iu
1299 4156 1473 4246 Soripturis

366 4360 377 4392 ¹
388 4360 441 4409 The
448 4360 525 4409 MSS.
536 4376 609 4423 agros
617 4360 643 4409 in
650 4360 753 4424 reading
761 4360 865 4423 factum,
918 4378 976 4411 ever
983 4363 1042 4427 why
1048 4364 1069 4412 it
1076 4363 1166 4411 should
1173 4369 1219 4412 not
1229 4363 1325 4412 referto
1334 4376 1470 4411 summm.

318 4442 398 4491 which
410 4443 452 4491 the
464 4442 597 4490 translator
609 4442 669 4490 with
680 4457 713 4489 no
728 4458 796 4489 mors
807 4443 869 4491 thau
918 4444 1049 4492 Massutu·
1065 4445 1110 4492 hus
1120 4444 1201 4506 fusto,
1218 4444 1266 4493 but
1287 4459 1355 4508 upon
1377 4443 1471 4491 insuffi-

318 4524 357 4571 his
368 4524 439 4572 usual
450 4524 609 4572 carelessness
625 4523 653 4571 ol
664 4524 778 4584 oonoord,
792 4529 870 4573 wrote
919 4525 985 4574 cient
992 4524 1110 4590 grounds.

317 4604 356 4651 lor
366 4606 498 4665 γεγονέναι.
533 4604 612 4655 There
627 4604 648 4654 is
662 4621 696 4654 no
706 4622 793 4655 reason
804 4606 870 4653 how·
