3225 5184
609 395 895 448 consuunnmo.
1285 375 1334 445 59

183 549 218 622 δὲ
244 549 287 622 τὸ
316 552 382 620 πᾶν
408 555 582 649 πλήρωμα.
622 549 710 627 Τοὺς
735 548 770 622 di
792 548 1026 633 πνευματικοίις
1050 548 1337 632 Ῑᾶποδυσαμόνους
1354 585 1492 670 ppppppp

182 660 244 739 τὰς
273 659 391 758 ψυχας
416 663 469 734 καί
497 663 666 747 πνεύματα
699 661 795 762 νοερὰ
827 663 1029 754 γενομένους,
1059 661 1253 760 ‹inparis-uc
1281 663 1335 733 καὶ
1348 677 1501 762 “effi-'¹¹-

1348 798 1494 808 --—-

182 774 334 873 ἆορότως
370 773 461 852 ε’ντός
495 777 719 874 πληρώματος
758 775 973 852 εἰσελθόντας
1006 775 1134 873 νύμφας
1169 773 1336 858 ἇποὸοθῆ-

184 891 304 959 σεσθαι
323 897 394 964 τοῖς
413 889 487 986 περὶ
507 886 569 959 τὸν
584 889 727 986 Σωτῆρα
748 888 920 979 ἄγγε’λοις.
970 885 1043 960 Τὸν
1067 885 1102 957 di
1121 886 1335 985 Δημιουργόν

184 1001 368 1088 μεταβῆναι
399 999 452 1070 καί
483 999 584 1071 ου’τὸν
610 1003 652 1076 εἰς
686 999 747 1071 τὸν
783 1003 842 1082 τῆς
877 998 1003 1098 μητρὸς
1031 1000 1187 1097 ’Σοφῖας
1216 1000 1335 1084 τόπον,

185 1114 364 1185 τουτέστιν
390 1113 424 1182 ἐν
448 1119 496 1205 τῇ
521 1113 695 1194 μεσότητι·
728 1111 790 1188 πός
814 1143 855 1182 τε
882 1117 948 1184 τῶν
974 1111 1103 1183 δικαίων
1121 1109 1240 1208 ψυχὰς
1259 1114 1337 1184 civa-

185 1226 372 1296 παύσεσθαι
393 1222 446 1295 καί
468 1223 569 1301 ου’τὰς
586 1226 619 1294 ἐν
638 1231 690 1313 τῷ
706 1232 764 1306 τῆς
780 1226 969 1308 μεσότητος
985 1225 1093 1314 τόπῳ.
1131 1223 1248 1308 Μηδὲν
1267 1223 1336 1324 γὰρ

186 1333 335 1434 ψυχικὸν
352 1334 443 1414 ε’ντός
463 1339 687 1436 πληρώματος
703 1347 832 1436 χωρεῖν.

265 1469 320 1535 13.
373 1449 509 1521 Τούτων
548 1447 583 1520 δὲ
620 1451 800 1540 γενομένων
838 1444 948 1533 οὕτως,
985 1449 1028 1522 τὸ
1066 1449 1259 1548 ἕμφωλεῦον
1289 1456 1339 1539 τῷ

186 1563 299 1652 κόσμῳ
336 1566 400 1660 πῦρ
435 1559 619 1657 ε’κλόμιίιαν
654 1561 707 1631 καί
741 1559 896 1660 ἐξαφθὲν,
933 1562 986 1632 καὶ
1022 1563 1453 1660 3κατεργασόμενονειῐῑιῡί

187 1677 301 1744 πᾶσαν
320 1673 398 1755 ὕλην
413 1672 765 1756 4συνανιιλωθιῖσεσθαι
791 1674 884 1767 adusi,
908 1674 962 1744 καί
988 1677 1031 1750 εἰς
1055 1672 1098 1745 τὸ
1120 1674 1234 1757 μηκέτ’
1258 1673 1336 1745 εἰναι

188 1791 351 1885 χωρήσειν
372 1783 573 1857 διδάσκουσι.
610 1785 682 1857 Τὸν
702 1784 737 1856 δὲ
756 1785 970 1886 Δημιουργόν
986 1784 1084 1870 μηδὲν
1102 1786 1339 1878 τοιίτωνέγνω-

186 1989 321 2074 phonem
348 2011 422 2053 vero
446 1987 625 2054 universum
644 1989 802 2054 Pleroma.
856 1988 1022 2074 Spiritales
1048 2012 1122 2054 vero
1146 1989 1339 2076 exspoliatos
1351 2007 1489 2048 uma-¹⁵»

186 2089 370 2162 animasset
396 2089 526 2174 spiritus
551 2088 779 2154 intellectuales
806 2089 916 2162 laotos,
934 2088 1281 2174 ⁵inapprehensibiliter
1305 2101 1340 2157 et

186 2189 382 2254 invisibiliter
397 2188 483 2254 intra
500 2187 648 2254 Pleroma
665 2188 830 2274 ingressos,
848 2210 978 2273 sponsas
998 2188 1090 2254 reddi
1114 2190 1151 2254 iis
1176 2189 1230 2275 qui
1256 2191 1341 2256 eirea

186 2288 382 2353 Salvatorem
407 2281 482 2354 sunt·
507 2288 637 2374 angelis.
691 2287 899 2375 Demiurgum
918 2311 992 2352 vero
1017 2289 1154 2354 transire
1179 2299 1214 2354 et
1237 2290 1339 2376 ipsum

186 2388 218 2453 in
236 2387 348 2453 matris
365 2411 430 2453 suoe
446 2388 573 2472 Sophiae
591 2388 703 2462 locum,
721 2388 781 2452 hoc
799 2399 858 2468 est,
869 2387 902 2452 in
920 2389 1134 2454 medietatem.
1169 2387 1193 2453 J
1195 2400 1339 2455 ustorum

186 2510 311 2573 quoque
337 2488 459 2552 animas
476 2487 681 2574 ⁶refrigerare
704 2493 738 2551 et
763 2488 847 2573 ipsas
872 2488 904 2552 in
929 2489 1110 2554 medietatis
1128 2489 1206 2554 loeo.
1251 2489 1339 2554 Nihil

186 2587 271 2652 enim
286 2587 467 2674 psychicum
485 2587 571 2652 intra
589 2587 736 2652 Pleroma
751 2588 895 2652 transire.

256 2691 308 2754 13.
363 2686 425 2750 His
442 2695 550 2752 nutem
566 2685 659 2750 sueth
676 2685 732 2762 ita,
751 2686 777 2750 is
799 2688 853 2772 qui
872 2689 953 2752 latet
977 2687 1010 2752 in
1036 2689 1155 2752 mundo
1179 2686 1261 2774 ignis
1283 2710 1338 2752 ex-

186 2787 353 2851 ardescens
381 2797 415 2850 et
440 2787 718 2871 comprehendens,
736 2787 914 2852 universnm
931 2787 1098 2852 materiam
1120 2787 1286 2864 consumit,
1304 2797 1339 2852 et

187 2887 288 2971 ipsum
305 2885 396 2951 simul
414 2897 634 2970 consumptum
646 2885 732 2949 abire
743 2885 774 2949 in
789 2886 830 2958 id,
843 2895 879 2952 ut
893 2888 961 2973 jam
975 2888 1102 2951 nonsit.
1131 2885 1339 2973 Demiurgum

187 2995 293 3051 autem
304 2986 381 3050 nihil
392 2985 504 3049 horum
515 2985 695 3071 cognovisse
704 2987 877 3052 ostendunt
888 2996 964 3051 ante
974 2985 1146 3052 Salvatoris
1157 2986 1338 3052 adventum.

236 3193 245 3226 ¹
264 3195 454 3253 ἀποδυοαμένους
476 3195 520 3243 τὰς
543 3195 630 3256 ψυχάς.
665 3193 741 3242 Their
789 3194 898 3258 possibly
909 3194 961 3242 also
971 3194 1011 3240 lor
1021 3192 1225 3254 comprehendens,
1239 3192 1271 3240 he
1281 3208 1339 3256 may

187 3275 253 3324 sauls
270 3292 333 3324 were
348 3277 391 3324 the
408 3277 517 3324 creation
535 3277 564 3324 of
577 3275 737 3338 Demiurgus,
790 3276 853 3324 have
865 3275 964 3323 written
975 3275 1120 3322 corebus-cns.

187 3357 252 3406 their
275 3357 359 3421 spirita
381 3373 445 3406 were
466 3357 570 3421 secretly
592 3356 688 3405 infused
705 3357 739 3419 by
838 3354 984 3402 ⁴Maten'nl
1001 3355 1053 3414 lire,
1067 3370 1094 3402 as
1109 3370 1184 3417 every
1201 3354 1275 3416 thing
1291 3353 1341 3402 else

187 3439 337 3498 Achamoth,
351 3438 365 3496 d
380 3453 416 3499 10,
430 3439 485 3488 eud
519 3440 545 3486 A
563 3439 739 3502 separationis
788 3436 1009 3496 thatismaterial,
1023 3437 1117 3498 having
1127 3452 1160 3484 no
1171 3441 1303 3500 prototypo
1313 3437 1340 3483 in

187 3535 243 3570 now
255 3521 365 3582 affected,
379 3522 429 3570 and
441 3523 483 3570 the
494 3522 567 3584 spirit
578 3522 598 3569 is
616 3521 739 3570 admitted
789 3520 833 3568 the
844 3519 964 3577 Ρίοιιοηια,
976 3518 1065 3566 should
1075 3519 1139 3566 burn
1151 3518 1219 3566 itsell
1227 3524 1280 3568 out.
1306 3518 1340 3566 So

186 3607 213 3651 ίο
225 3604 268 3652 the
280 3603 400 3662 Pleroma,
413 3604 485 3652 while
496 3604 538 3652 the
554 3602 739 3652 indestructible
790 3601 968 3660 Trasumen,
983 3601 1052 3649 Τυοο
1061 3600 1130 3649 credo
1141 3600 1205 3662 ίηαίς
1215 3599 1341 3648 ilianum

186 3683 240 3732 sonl
262 3691 325 3734 rests
347 3685 372 3734 in
394 3685 496 3734 heaven.
531 3684 564 3732 Τὸ
587 3685 612 3732 δὲ
634 3685 740 3732 ἐντεῦθεν
786 3681 1340 3746 μείμιιςαίιυνοοωςυίιιίοαίίοιαιίφορυίυὶυς,

188 3766 323 3822 ἀποθέμενα
351 3767 383 3814 τὰ
409 3766 557 3823 πνευματικὰ
578 3767 621 3814 τὰς
650 3765 736 3826 ψυχὰς,
790 3763 1342 3827 ipsequoqtoedecinemliwmm'dusiam'dilm

187 3844 239 3904 ἅμα
261 3847 293 3906 τῇ
312 3847 385 3907 μητρί
408 3847 547 3906 κομιζομένη
568 3847 611 3894 τείν
631 3847 737 3906 νυμφίαν,
784 3846 894 3906 finietur.
912 3863 933 3895 ο.
955 3861 994 3908 3²·
1029 3847 1151 3910 Compare
1169 3846 1221 3894 also
1237 3845 1339 3893 Didae.

188 3928 328 3986 κομιζόμενα
348 3929 387 3975 καί
404 3929 467 3976 αὐτὰ
484 3929 538 3977 τοὺς
556 3927 667 3988 νυμφίους
686 3929 740 3976 τοὺς
793 3929 834 3976 Or.
848 3928 861 3984 ξ
873 3929 912 3987 81,
924 3928 975 3976 and
986 3943 1011 3976 n.
1025 3942 1046 3989 3,
1060 3945 1085 3991 p.
1098 3929 1138 3989 48.

188 4008 307 4066 ἀγγέλους
325 4009 421 4066 ἑαυτῶν,
443 4010 475 4058 εἰς
492 4026 534 4056 τον
551 4010 663 4069 νυμφῶνα
674 4005 740 4056 ἐντὸς
840 4008 851 4040 ⁵
875 4009 1144 4072 Inapprehensibiliter.
1205 4009 1241 4058 Id
1261 4017 1293 4058 est
1314 4017 1341 4057 at

188 4089 231 4136 τοῦ
248 4089 303 4150 ὅρου
314 4089 410 4150 εἰσίασι,
423 4091 463 4138 καί
478 4090 536 4152 τρίς
553 4091 598 4148 τὴν
612 4090 655 4138 τοῦ
673 4091 739 4137 πνεύ-
789 4087 952 4150 repereram
964 4089 1117 4150 potestatibus
1130 4105 1173 4137 οεο
1188 4088 1289 4138 detinet-i
1299 4104 1342 4138 nec

188 4185 263 4227 ματος
274 4170 331 4230 ὄψιν
348 4171 466 4230 ἔρχονται,
481 4171 563 4218 αἰῶνες
582 4170 656 4232 νοεροί
673 4171 739 4230 γενό-
790 4169 869 4218 uideri
890 4177 984 4231 ηυεανιί,
1007 4177 1034 4217 at
1051 4170 1156 4232 inferlm
1173 4171 1339 4233 replicatum.

187 4267 255 4309 μςνα,
269 4252 301 4298 εἰς
311 4252 365 4299 τοὺς
376 4252 468 4314 eoeperit
481 4253 521 4300 καί
533 4253 638 4301 αἰωνίους
649 4253 740 4312 γάμους
791 4250 840 4300 Ed.
852 4250 946 4300 Bened.

188 4330 446 4392 reserasset,
840 4330 1342 4395 ‘mammam-'veae-

237 4409 248 4442 ¹
265 4411 281 4461 i.
295 4427 316 4461 e.
329 4413 372 4472 τῆς
383 4412 509 4473 ’Δχαμώθ.
790 4409 860 4472 cepit,
873 4409 1112 4472 ςίοιιίοιοσομμανα
1129 4426 1157 4458 σε
1173 4409 1239 4471 914.
1257 4410 1343 4459 Homi-

237 4491 248 4522 ί
277 4493 492 4554 κατεργασόμενον.
532 4492 585 4542 The
606 4491 741 4542 translator
791 4492 994 4551 οςνιιαοίοιοίιοι,
1007 4491 1343 4555 &mercamentum

188 4588 267 4622 seems
288 4577 316 4622 ίο
341 4574 404 4622 have
430 4573 489 4623 read
514 4573 741 4633 κατακαυσείμενον;
791 4572 924 4622 mutuatu
933 4571 1143 4636 ςιηίςίμεωίιιτυιιι.
1178 4575 1282 4624 Galat.
