3225 5184
626 434 840 488 vantram.
1250 423 1315 486 189

163 614 220 680 per
243 592 347 679 ipsum
367 592 443 659 l'ecit
466 592 577 673 Pater,
595 594 660 659 sive
677 594 822 673 visibilia,
840 594 907 661 sive
930 594 1109 673 invisibilia,
1133 594 1199 660 sive
1218 594 1316 660 sensi-
1340 610 1465 697 &ff',¹·,t'·

163 692 250 769 bilia,
277 692 343 759 sive
368 692 587 779 intelligibilia,
614 694 678 759 sive
704 695 895 780 temporalia
914 703 1049 782 propter
1071 696 1230 781 quandam
1253 694 1316 759 dis·
1329 670 1478 789 Μὸξξῶῑ

164 792 364 879 positionem,
377 793 442 858 sive
462 793 682 881 [sempitema
703 794 752 861 ¹et
769 817 808 860 ea
825 794 959 882 omnia,]
981 795 1018 883 [l.
1030 793 1164 879 aeonia])
1182 817 1246 860 non
1258 779 1479 881 per—2·-

164 892 304 979 angelos,
320 915 424 978 neque
440 916 499 980 per
515 892 650 960 virtutes
667 894 788 979 aliquas
804 895 958 960 abscissas
970 895 1021 960 ab
1038 896 1107 980 ejus
1123 895 1313 961 ²sententia:

164 992 243 1058 nihil
260 992 346 1057 enim
363 993 486 1079 indiget
499 994 640 1060 omnium
659 993 767 1071 Deus;
795 996 853 1060 sed
869 1017 928 1080 per
945 994 1092 1061 Verbum
1109 1003 1143 1060 et
1161 995 1317 1081 Spiritum

163 1113 257 1158 suum
274 1092 381 1157 omnia
397 1093 525 1168 iaciens,
540 1100 574 1159 et
591 1093 771 1180 disponens,
786 1102 821 1160 et
836 1096 1027 1182 gubernans,
1041 1102 1074 1160 et
1085 1094 1231 1160 omnibns
1248 1117 1317 1160 esse

164 1198 340 1278 prestans:
367 1192 419 1258 hic
444 1192 499 1279 qui
520 1195 672 1258 mnndum
692 1194 778 1269 fecit,
797 1194 916 1260 etenim
939 1196 1076 1260 mundns
1091 1218 1131 1259 ex
1148 1194 1313 1260 omnibus:

164 1292 216 1357 hic
233 1292 288 1377 qui
303 1292 463 1359 hominem
478 1293 657 1379 plasmavit,
676 1292 728 1358 hic
750 1294 820 1380 'qni
844 1293 933 1359 Deus
956 1295 1132 1374 Abraham,
1154 1294 1241 1387 [adj.
1259 1288 1312 1382 et]

166 1393 256 1457 Deus
275 1391 375 1471 isaac,
399 1401 433 1458 et
456 1390 545 1458 Deus
569 1393 685 1471 Jacob,
709 1416 806 1479 snper
828 1416 922 1479 quem
945 1394 1026 1460 alius
1051 1396 1139 1459 Deus
1161 1416 1226 1458 non
1253 1405 1313 1475 est,

164 1513 267 1579 neque
300 1491 453 1571 ‘initium
488 1514 590 1579 neque
624 1494 735 1571 virtus,
768 1515 871 1579 neque
904 1494 1090 1560 ⁵Pleroma:
1127 1494 1178 1560 hic
1212 1495 1316 1559 Pater

166 1589 296 1657 Domini
320 1591 420 1658 nostri
442 1592 467 1657 J
469 1615 524 1658 esu
546 1593 675 1669 Christi,
694 1594 961 1679 quemadmodum
981 1595 1203 1660 ostendemus:
1232 1594 1314 1658 hanc

164 1714 241 1779 ergo
265 1700 412 1760 tenentes
437 1693 590 1779 regulam,
608 1694 684 1759 licet
700 1693 792 1759 valde
809 1693 898 1758 varia
913 1702 947 1759 et
965 1694 1067 1759 multa
1083 1695 1203 1769 dicant,
1221 1694 1314 1760 facile

164 1814 219 1858 eos
235 1791 377 1857 deviasse
393 1815 413 1858 a
430 1793 568 1858 veritate
590 1793 762 1880 arguimus.
816 1792 936 1858 Omnes
959 1794 1042 1858 enim
1063 1795 1130 1860 iere
1155 1801 1314 1880 quotquot

163 1900 238 1958 sunt
259 1892 405 1967 hereses,
425 1893 530 1957 Deum
556 1894 684 1980 quidem
709 1915 808 1958 nuum
831 1893 951 1969 dieunt,
973 1895 1028 1959 sed
1046 1916 1105 1980 per
1120 1895 1314 1959 sententiam

163 1993 281 2057 malam
301 1993 486 2072 immutent,
511 1991 630 2081 ingrati
653 1991 829 2059 existentes
852 1992 891 2067 ei,
915 1994 968 2080 qui
989 1995 1066 2059 lecit
1082 2016 1146 2071 eos,
1163 1993 1314 2079 quemad·

163 2092 294 2157 modum
311 2100 344 2158 et
361 2100 474 2180 gentes
492 2116 550 2179 per
568 2093 792 2159 idololatriam.
844 2093 990 2159 ‘Plasma
1015 2102 1123 2159 autem
1151 2091 1213 2159 Dei
1239 2115 1314 2159 con-

163 2199 322 2268 temnunt,
340 2194 596 2259 contradicentes
613 2216 679 2258 suec
694 2192 799 2269 saluti,
817 2191 876 2278 ipsi
900 2193 949 2257 sni
965 2202 1166 2260 accusatores
1182 2194 1314 2260 amaris·

162 2292 243 2371 simi,
262 2300 296 2359 ot
313 2293 383 2358 falsi
402 2301 500 2358 testes
516 2293 703 2359 existentes.
746 2292 811 2369 Qui
828 2292 956 2379 quidem
972 2302 1139 2381 resurgent
1157 2294 1189 2358 in
1207 2316 1312 2369 carne,

161 2392 236 2459 licet
253 2392 366 2467 nolint,
384 2394 433 2458 nti
455 2400 631 2481 agnoscant
656 2392 808 2458 virtutem
834 2393 1019 2459 suscitantis
1040 2416 1093 2459 eos
1115 2417 1136 2458 a
1158 2395 1313 2460 mortuis:

161 2515 234 2558 cum
255 2493 352 2580 justis
372 2500 480 2557 antem
502 2515 567 2558 non
583 2493 889 2571 annumerabuntur,
907 2503 1040 2579 propter
1057 2494 1313 2560 incredulitatem

161 2615 261 2658 suam.
304 2592 387 2657 Cum
404 2592 447 2659 sit
464 2593 564 2680 igitur
580 2593 729 2659 adversus
747 2614 857 2656 omnes
874 2593 1040 2657 haereticos
1058 2594 1198 2659 detectio
1215 2602 1314 2679 atque

162 2690 319 2757 convictio
334 2692 422 2757 varia
437 2701 471 2758 et
493 2692 676 2769 multifaria,
700 2699 735 2758 et
756 2691 848 2756 nobis
871 2692 1070 2777 propositum
1092 2700 1143 2758 est
1166 2692 1314 2758 omnibus

161 2790 201 2855 iis
225 2793 399 2857 secundum
422 2792 562 2879 ipsorum
585 2793 803 2857 characterem
828 2792 1067 2867 contradicere;
1100 2792 1314 2857 necessarium

161 2891 314 2959 arbitrati
340 2914 447 2958 snmus
476 2894 564 2981 prins
594 2894 713 2957 referre
741 2891 864 2957 sontem
891 2899 926 2958 et
953 2892 1095 2958 radicem
1118 2914 1238 2968 eorum,
1265 2892 1315 2958 uti

161 2991 419 3058 sublimissimum
435 2992 576 3079 ipsorum
592 2992 736 3079 Bythum
753 3014 955 3080 cognoscens,
973 2992 1133 3081 intelligas
1154 2993 1313 3073 arborem,

161 3092 202 3157 de
219 3114 283 3178 qua
300 3093 503 3159 defluxerunt
522 3094 603 3159 tales
620 3093 752 3158 fructus.

208 3300 392 3353 ‘armathem
412 3302 465 3352 The
476 3302 612 3366 Demiurge
624 3317 674 3351 was
685 3300 711 3349 in
761 3300 877 3349 however
893 3299 914 3348 is
932 3305 977 3349 not
995 3300 1056 3349 used
1075 3301 1205 3350 elsewhere
1221 3302 1255 3367 by
1271 3303 1314 3351 the

159 3398 193 3431 no
210 3400 280 3433 sense
297 3387 340 3434 the
359 3385 513 3449 originrvting
531 3400 605 3433 cause
624 3383 653 3431 ol
669 3383 711 3431 the
761 3382 905 3431 translator.
930 3382 983 3430 'l'he
990 3385 1129 3441 κοσμοποιοι
1141 3385 1245 3444 ἄγγελοι
1252 3400 1315 3432 were

158 3466 269 3529 superior
280 3466 368 3527 AEons,
382 3466 414 3515 he
425 3483 476 3516 was
487 3482 548 3516 sven
557 3466 675 3529 ignorant
686 3464 715 3513 of
762 3468 809 3512 not
819 3464 848 3512 of
856 3465 899 3512 the
914 3464 1037 3525 Pleroma,
1050 3464 1101 3513 and
1110 3466 1150 3513 for
1163 3466 1214 3513 this
1225 3482 1313 3514 reason

158 3548 224 3597 their
234 3548 358 3598 existence
365 3567 372 3610 ;
388 3549 435 3598 but
448 3548 505 3598 God
521 3548 564 3597 the
581 3548 676 3596 Father
690 3548 711 3596 is
762 3562 820 3611 may
830 3547 862 3595 be
872 3547 926 3595 said
937 3552 965 3595 ιο
976 3547 1039 3595 have
1049 3548 1112 3597 been
1123 3552 1236 3612 separate
1248 3547 1314 3596 from

159 3631 262 3680 Creator
273 3631 301 3679 oi
314 3632 347 3680 all
359 3632 452 3697 things,
468 3631 582 3681 material
597 3630 648 3679 and
662 3631 710 3695 spi·
762 3630 825 3679 Νοῦς
836 3646 865 3679 οι·
874 3632 973 3681 'Enete

157 3713 241 3773 ritual,
255 3714 342 3763 visible
353 3715 403 3762 and
414 3715 535 3775 invisible,
549 3716 577 3765 oi
587 3716 672 3779 things
683 3715 710 3763 in
810 3709 822 3742 ⁸
837 3714 881 3774 gui
898 3730 958 3779 may
974 3715 1005 3763 be
1023 3714 1147 3763 cancelled
1163 3731 1191 3762 as
1210 3714 1314 3778 ignored

158 3793 229 3842 earth
240 3794 288 3842 and
301 3795 386 3857 things
398 3796 422 3843 in
434 3796 537 3847 heaven.
760 3791 880 3870 bLMSS.
890 3812 897 3853 ;
914 3795 935 3844 it
946 3810 1001 3843 rose
1011 3796 1117 3860 perhaps
1129 3801 1174 3843 out
1185 3795 1214 3844 οι
1221 3793 1290 3844 οὗτος
1301 3796 1315 3842 ὁ

205 3868 216 3902 ¹
233 3871 370 3921 incuss.
379 3872 438 3921 read
449 3880 470 3922 ct
480 3874 565 3933 conia,
578 3873 711 3937 rendering
760 3878 813 3925 ΘΣ.
848 3882 870 3923 et
890 3875 911 3923 is
929 3875 1009 3923 added
1026 3876 1091 3924 from
1107 3876 1151 3924 the
1168 3875 1313 3924 Cuaxorvr

156 3952 311 4016 superfluous
326 3954 478 4015 temptante.
513 3954 528 4003 I
546 3970 585 4003 arn
603 3954 710 4003 inclined
760 3956 812 4005 and
822 3956 895 4004 Voss
907 3956 985 4005 MSS.

155 4034 278 4083 therefore
294 4039 321 4083 to
337 4035 396 4083 read
416 4034 649 4099 ...dispositionem
661 4036 710 4085 rive
809 4036 821 4068 ⁴
836 4036 853 4085 i.
864 4054 885 4085 e.
899 4038 971 4098 ἀρχὴ,
984 4052 1025 4083 see
1036 4052 1060 4099 p.
1074 4032 1114 4099 96,
1126 4040 1186 4083 note
1198 4048 1221 4096 5.

155 4114 241 4177 mnia,
254 4116 481 4179 nonperdrtqelos,
494 4117 538 4167 hc.
572 4116 600 4166 It
616 4124 710 4167 cannot
808 4116 889 4165 lBut
900 4117 944 4165 the
955 4115 1033 4164 whole
1045 4116 1161 4164 Pleroma
1172 4132 1223 4164 was
1234 4116 1313 4165 above

155 4196 186 4244 be
197 4196 251 4245 said
262 4197 319 4246 that
329 4197 415 4261 things
426 4196 520 4246 eternal
531 4214 594 4247 were
602 4199 708 4259 created,
759 4200 802 4248 the
813 4198 977 4247 Valentiniani
989 4198 1132 4261 Demiurge.

155 4276 202 4326 but
212 4278 326 4343 spiritual
338 4279 472 4327 substance
482 4294 541 4329 was.
574 4279 709 4329 Thesense
809 4279 945 4341 ‘Plarasa
969 4280 1012 4329 the
1032 4280 1100 4328 work
1116 4280 1146 4329 οι
1165 4278 1229 4339 God,
1248 4280 1314 4329 their

154 4358 207 4409 also
217 4359 286 4410 flows
297 4361 379 4411 better
389 4360 496 4410 without
506 4366 527 4409 ct
538 4376 566 4409 ca
577 4361 667 4410 munio.
759 4376 815 4411 own
837 4360 918 4425 hody;
941 4361 986 4410 the
1004 4360 1166 4411 resurrection
1187 4360 1216 4408 ol
1231 4360 1310 4410 which

202 4438 215 4472 ¹
230 4442 358 4503 &mercia
373 4444 468 4493 muas.
503 4442 522 4492 J
525 4454 606 4492 nulus
615 4443 709 4507 prefers
758 4443 820 4506 they
835 4442 936 4503 denied;
952 4458 993 4492 see
1005 4442 1058 4493 also
1067 4442 1102 4493 V.
1116 4442 1166 4491 end
1180 4442 1209 4491 cf
1221 4455 1247 4492 v.
1262 4442 1312 4491 and

154 4526 181 4571 ιο
192 4522 250 4572 read
261 4524 361 4574 medea
372 4525 398 4573 in
410 4524 453 4574 the
465 4522 542 4575 Latin
549 4540 557 4585 ;
575 4524 625 4573 thir
640 4524 708 4577 word
758 4525 895 4589 beginning
905 4525 935 4574 ot
941 4538 979 4575 v1.
