3225 5184
560 411 643 464 ress
668 412 734 464 aar
760 413 935 464 vannum
1276 393 1324 464 85

169 565 374 639 ἐνδύσασθαι
390 574 506 652 1σῶμα
525 567 674 665 ψυχικὸν
687 571 721 640 ε’κ
742 577 799 653 τῆς
818 572 1004 654 οἰκονομίας
1019 572 1325 654 κατεσκευασμένον
1341 584 1485 670 {Jfflffiv

170 680 323 777 ιᾶῤῥῆτφ
345 683 494 780 προνοίᾳ,
521 680 605 780 πρὸς
630 679 673 754 τδ
696 681 822 781 ὁρατὸν
845 685 1008 774 γενέσθαι,
1028 684 1081 753 καὶ
1099 685 1322 781 ψηλαφςῃ-όμ,
1335 677 1486 771 Q

170 790 269 892 Σὰρξ
300 791 336 862 δέ
367 795 460 865 ἐστιν
492 798 510 875 ἡ
539 795 664 893 ἀρχαία
695 796 729 864 dx
762 801 825 865 τοῦ
854 801 920 890 χοῦ
947 792 1035 866 κατὰ
1065 793 1126 867 τδν
1157 793 1272 878 Ἀδὰμ
1304 800 1323 879 ἦ

171 915 327 996 γεγονυῖα
358 903 483 982 πλάσις
514 905 578 976 ῦπδ
606 912 668 977 τοῦ
700 906 795 991 Θεοῦ,
831 906 868 989 ἦν
900 907 1028 989 ἀληθῶς
1059 908 1232 999 γεγονέναι
1262 906 1323 980 τδν

171 1014 293 1107 Λόγον
320 1023 385 1088 τοῦ
406 1017 494 1088 θεοῦ
521 1020 674 1102 ἐμήνυσεν
698 1021 717 1089 ὁ
744 1015 901 1101 Ἰωάννης.
933 1018 1004 1090 Kal
1023 1020 1162 1091 λέλυται
1182 1020 1323 1102 abaci

169 1129 286 1226 πρώτη
307 1129 361 1199 καὶ
382 1130 567 1229 ἆρχέγονος
590 1127 723 1221 ὄγδοός.
764 1129 860 1208 Ἑνδς
885 1129 1029 1230 γὰρκαὶ
1053 1137 1116 1203 τοῦ
1140 1132 1242 1202 αὐτοῦ
1261 1130 1324 1202 δει-

169 1243 320 1324 κνυμένου
342 1240 472 1333 Λόγου,
492 1243 545 1316 καὶ
571 1243 794 1334 Μονογενοῦς,
821 1243 875 1313 καὶ
905 1243 1002 1327 Ζωῆς,
1029 1243 1083 1313 καὶ
1110 1239 1237 1328 Φωτδς,
1268 1243 1322 1315 καὶ

170 1353 334 1452 Σωτῆρος,
368 1354 422 1424 καὶ
453 1354 620 1452 Χριστοῦ,
651 1355 705 1426 καὶ
735 1355 821 1425 Υἵοῦ
852 1355 947 1438 Θεοῦ,
981 1356 1035 1426 καὶ
1066 1357 1191 1428 τούτου
1221 1356 1325 1427 αῦτοῦ

169 1466 396 1564 σαρκωθέντος
415 1465 495 1565 ὑπὲρ
515 1471 609 1552 ἡμῶν,
627 1469 765 1538 λέλυται
786 1471 804 1548 ἡ
823 1469 882 1549 τῆς
901 1465 1064 1558 ὀγδοάδος
1083 1470 1320 1559 3σκηνοπηγία.

86 1623 94 1635 -
168 1576 301 1660 Ταῦτης
324 1576 358 1648 δὲ
377 1579 559 1663 λελυμένης,
579 1577 803 1650 διαπέπτωκεν
827 1579 931 1650 adada
948 1583 1044 1649 πᾶσα
1065 1582 1082 1661 ἦ
1102 1580 1267 1662 ὑπόθεσις,
1285 1580 1322 1662 ἢν

168 1688 317 1782 4ψευδῶς
336 1693 588 1789 ὀνειρώττοντες
604 1692 875 1791 5κατατρέχουσι
895 1695 961 1762 τιῦν
977 1696 1128 1790 γραφῶν,
1143 1688 1227 1762 ἰδέαν
1240 1692 1322 1765 ὑπό·

169 1803 261 1872 θεσιν
284 1800 567 1886 ἆναπλασόμενοι.
603 1802 757 1874 Ἔπειτα
777 1801 882 1897 λέξεις
904 1802 957 1872 καὶ
979 1804 1129 1886 ὀνόματα
1148 1800 1321 1901 σποράδην

167 1915 293 1998 κείμενα
311 1915 543 2006 συλλέγοντες,
562 1916 801 2016 μεταφέρουσι,
819 1914 924 1990 καθδνς
943 1918 1189 2014 προειρήκαμεν,
1208 1917 1242 1984 έκ
1260 1921 1323 1986 τοῦ

167 2143 250 2207 enim
277 2142 392 2207 Sotera
417 2141 554 2207 induisse
577 2164 690 2228 eorpus
716 2141 861 2218 animale,
880 2142 920 2205 de
945 2141 1151 2228 dispositione
1173 2149 1321 2227 aptatum

167 2241 370 2307 inenarrabili
387 2241 597 2328 providentia,
615 2249 653 2307 ut
666 2241 786 2306 visibile
803 2250 837 2306 et
854 2240 1013 2327 palpabile
1029 2241 1132 2306 fieret.
1168 2241 1254 2306 Caro
1271 2251 1321 2308 est

167 2351 275 2408 autern
288 2341 341 2406 illa
353 2349 444 2406 vetus
463 2342 503 2406 de
520 2341 595 2406 limo
612 2341 784 2405 secundum
801 2339 909 2405 Adam
924 2339 1011 2405 lacta
1022 2340 1191 2425 plasmatio
1203 2363 1224 2405 a
1238 2339 1319 2417 Deo,

167 2463 262 2526 quarn
284 2463 357 2506 vere
384 2441 505 2506 facturn
532 2441 677 2506 Verbum
707 2439 769 2503 Dei
798 2439 1013 2504 manifestavit
1042 2439 1066 2503 J
1069 2439 1219 2511 ohannes.
1272 2441 1320 2506 Et

166 2540 271 2606 soluta
286 2547 336 2606 est
351 2540 475 2604 illorum
493 2541 596 2627 prima
613 2549 647 2604 et
665 2539 877 2625 primogenita
899 2539 1071 2604 catenatio
1126 2540 1208 2606 Cum
1234 2540 1319 2605 enim

166 2661 247 2704 unus
267 2646 299 2705 et
321 2640 405 2704 idem
425 2640 606 2705 ostenditur
630 2637 735 2725 Logos
757 2647 791 2703 et
810 2637 1016 2724 Monogenes,
1035 2645 1069 2701 et
1087 2637 1154 2702 Zoe
1169 2647 1203 2702 et
1221 2637 1318 2717 Phoe,

167 2746 201 2802 et
219 2737 315 2804 Soter
329 2749 363 2804 et
388 2739 532 2804 Christus
549 2737 613 2826 [et]
634 2739 715 2802 filius
734 2737 806 2813 Dei,
825 2743 859 2801 et
879 2736 929 2802 hie
949 2737 1034 2802 idem
1049 2735 1233 2801 incarnatus
1259 2758 1319 2821 pro

167 2837 266 2912 nobis,
294 2838 398 2902 soluta
421 2849 471 2903 cst
498 2837 710 2903 octonationis
739 2837 864 2900 illorum
893 2858 1056 2922 compago.
1110 2836 1183 2900 Hac
1210 2845 1319 2904 autem

165 2937 279 3012 soluta,
297 2938 416 3002 decidit
435 2937 559 3002 illorum
582 2937 683 3001 omnis
705 2935 951 3021 argumentatio,
969 2957 1064 3021 quam
1090 2936 1169 3000 salso
1191 2935 1319 3001 nomine

165 3038 358 3102 somniantes
375 3037 531 3101 infamant
550 3036 741 3121 Scripturas,
760 3036 802 3098 ad
824 3035 986 3120 propriam
1008 3037 1320 3120 argumentationem

165 3137 414 3223 contingendam.
441 3138 518 3200 Post
535 3136 649 3200 deinde
666 3134 820 3198 dictiones
836 3145 869 3198 et
887 3132 1016 3197 nomina
1032 3133 1197 3218 dispersim
1215 3134 1320 3219 posita

164 3236 356 3322 colligentes,
376 3235 583 3311 transferunt,
601 3235 683 3299 sieut
701 3233 913 3319 praediximus,
928 3254 969 3296 ex
986 3255 1024 3295 eo
1041 3232 1125 3317 quod
1143 3249 1192 3296 est
1209 3255 1319 3296 sccun-

216 3455 225 3487 ¹
245 3456 301 3504 Still
317 3457 387 3504 there
404 3472 454 3504 was
472 3456 579 3520 nothing
596 3457 674 3505 ὑλικὸν
689 3456 715 3504 in
766 3455 792 3502 in
804 3453 895 3511 Christ,
910 3453 961 3500 also
973 3453 1106 3511 ἐσκήνωσεν
1117 3454 1141 3500 έν
1152 3452 1214 3510 ἡμῖν.

162 3538 205 3586 the
228 3538 341 3586 Saviour.
389 3537 438 3586 His
460 3538 526 3602 body
550 3554 600 3586 was
624 3539 649 3586 έκ
673 3539 716 3596 τῆς
815 3534 1080 3582 ⁴'I'heLatinversion
1088 3533 1317 3597 hasfulaoaoara'ac,

163 3619 266 3680 ἀφανοῦς
290 3620 393 3681 ψυχικῆς
415 3619 502 3679 edelar,
532 3619 582 3667 and
604 3635 632 3668 as
654 3619 715 3667 such
766 3615 903 3678 indicating
917 3617 1078 3677 ψευδωνύμως,
1093 3616 1319 3666 initsabbreviate

162 3699 241 3748 under
252 3701 295 3748 the
305 3699 433 3764 regimeol'
441 3701 483 3748 the
493 3699 715 3764 Demiurge;such
766 3696 831 3744 torm
844 3695 963 3760 ψευδῶς.
999 3697 1318 3756 detractauerunt

162 3785 189 3829 at
208 3781 270 3829 least
290 3796 340 3829 was
358 3781 401 3828 the
419 3786 523 3829 western
540 3782 633 3830 notion.
662 3781 715 3828 The
767 3781 1183 3845 Sarsuragreeiuoondemuing
1194 3781 1318 3830 theread-

163 3867 258 3910 eastern
277 3862 353 3925 phase
369 3862 397 3909 ol
412 3863 455 3910 the
473 3862 560 3926 heresy
579 3862 711 3926 imagined,
766 3864 811 3927 ing
825 3863 983 3927 followedby
996 3865 1040 3912 the
1056 3863 1198 3923 translator,
1218 3862 1269 3911 still
1285 3879 1319 3911 an

162 3943 200 3991 ὅτι
212 3944 371 4000 πνευματικὸν
382 3941 412 4001 ἤν
423 3944 451 3991 τὸ
460 3945 529 4000 σῶμα
541 3945 584 3990 τοῦ
593 3944 712 4004 Σωτῆρος.
766 3945 871 3993 allusion
883 3951 910 3993 to
921 3946 964 3993 the
974 3946 1056 3993 words
1067 3947 1096 3994 ol'
1105 3945 1131 3993 S.
1143 3945 1215 4003 Paul,
1231 3958 1241 3992 1
1255 3943 1317 3992 Tim.

163 4023 308 4072 Hrrrour'r.
322 4023 388 4072 Phil.
402 4036 438 4072 vr.
454 4037 491 4084 35.
766 4027 799 4076 vi.
812 4042 851 4086 ιο,
870 4043 927 4090 may
939 4027 1030 4090 justify
1046 4027 1080 4086 it;
1099 4027 1150 4074 and
1169 4026 1212 4073 the
1225 4025 1318 4073 Valen-

211 4102 222 4134 ¹
237 4103 279 4163 Or,
290 4119 317 4152 as
328 4105 371 4152 the
386 4105 476 4152 author
487 4104 569 4152 before
585 4103 715 4167 expressed
766 4109 846 4156 tiuian
855 4107 1012 4156 correlatives
1023 4123 1065 4155 are
1075 4123 1091 4154 a
1099 4106 1319 4169 sufficieutlyclose

162 4185 190 4246 it,
206 4187 300 4249 άρῤηιῳ
311 4188 393 4248 remi.
429 4186 475 4235 Sec
486 4203 510 4250 p.
525 4198 564 4247 52,
578 4201 603 4235 n.
618 4201 640 4247 5.
766 4189 916 4237 illustration
929 4188 957 4236 of
970 4189 1014 4236 the
1026 4189 1155 4236 ἀντιθέσεις
1169 4189 1212 4245 τῆς
1227 4188 1317 4248 ψευδω-

211 4266 222 4299 ¹
250 4268 409 4328 σκηνοπηγία,
435 4267 583 4332 apparently
609 4267 634 4314 iu
657 4283 714 4316 con·
766 4273 840 4329 ιύμου
860 4271 971 4331 γνώσεως
993 4268 1022 4317 of
1042 4268 1123 4316 which
1146 4267 1189 4315 the
1212 4267 1319 4330 Apostle

162 4347 248 4398 tinued
260 4347 458 4397 allusiontothe
469 4347 549 4395 words
562 4348 589 4395 ol
599 4347 623 4396 S.
635 4347 714 4408 John,
766 4351 873 4415 speaks,
890 4349 1100 4413 comparealsoc,
1113 4360 1139 4396 v.

162 4431 242 4478 where
253 4429 319 4478 alter
332 4429 375 4477 the
386 4426 546 4487 declaration,
560 4427 714 4488 κοὶέΛόγος
815 4429 826 4461 ⁸
849 4431 1032 4492 κατατρέχουσι,
1057 4444 1085 4477 as
1103 4429 1129 4476 iu
1152 4428 1256 4476 Araura.
1280 4439 1316 4487 v.,

162 4513 224 4573 σὰρξ
238 4512 342 4572 έγένετο,
361 4510 382 4558 it
397 4509 418 4557 in
433 4508 515 4558 added
531 4510 571 4557 sal
582 4511 716 4570 ἐσκήνωσεν
768 4514 856 4574 πικρῶς
875 4511 1031 4573 ’Δλκιβιοδοο
1049 4510 1192 4571 κατατρέχει
1211 4509 1241 4558 ὡς
1259 4509 1317 4557 eoo·

163 4592 261 4651 έιὴμῖν.
286 4591 339 4640 The
351 4590 463 4653 Ogdoad,
479 4589 663 4654 centringusit
674 4591 716 4639 did
768 4595 869 4652 φλογος.
904 4588 1072 4653 Fullsenlof.
