3225 5184
574 414 829 467 EN'I'HYMESIS.
1242 404 1283 465 15

30 595 87 636 σοι.
131 570 273 664 ἀγάπης,
301 574 430 658 τόλμης
455 571 498 657 di,
524 572 576 644 dui
608 572 652 646 τά
675 574 720 658 μὴ
751 577 998 656 κεκοινωυῆσθαι
1022 581 1074 664 τῷ
1094 573 1211 674 Πατρὶ
1236 581 1290 664 τῷ
1307 602 1440 642 maura

131 686 258 777 πλεῖθ’
280 686 385 763 καθὼς
407 687 461 757 Καὶ
486 688 504 757 ὁ
533 687 634 765 Νοῦς·
682 685 737 757 Τό
766 684 801 757 dir
821 683 929 763 πάθος
957 684 1035 756 εἶναι
1062 685 1200 787 ζήτησιν
1225 650 1448 758 Tofiu‘ffliibie.

133 798 285 896 Πατρός·
323 798 421 882 ἤθελε
451 796 529 898 γάρ,
564 802 604 875 ὡς
632 800 781 890 λέγουσι,
814 797 858 870 τά
887 800 1030 891 μέγεθος
1055 800 1158 871 orirer?
1183 830 1287 872 κατα-

132 913 267 1000 λαβεῖν·
304 913 421 983 ἔπειτα
459 912 503 996 μη
542 910 716 995 δυνηθῆναι,
753 909 805 981 hd
843 909 887 982 τά
924 909 1072 1003 άόυνάτῳ
1111 913 1287 1001 ἐπιβαλεῖν

55 1056 61 1067 ·
133 1021 323 1123 πράγματι,
348 1025 403 1095 καὶ
432 1026 465 1094 ἕν
491 1027 613 1113 πολλῷ
643 1020 727 1093 πάνυ
753 1024 854 1116 άγῶυι
882 1024 1066 1115 γενόμενον,
1099 1022 1152 1095 διά
1178 1056 1219 1095 τε
1243 1024 1287 1097 τά

131 1138 273 1229 με’γεθος
296 1143 358 1209 τοῦ
378 1133 512 1225 βάθους,
537 1138 591 1206 καὶ
622 1134 665 1207 τά
689 1134 943 1232 ἀνεξιχνίαστον
967 1143 1030 1208 τοῦ
1057 1136 1208 1237 Πατρός,
1232 1139 1286 1208 καὶ

131 1250 192 1332 τὴν
213 1248 298 1349 πρὸς
319 1248 418 1321 αύτάν
443 1250 603 1348 στοργην,
629 1250 871 1334 ιἐκτεινόμενον
900 1249 949 1319 dei
980 1250 1035 1319 ε’πὶ
1053 1248 1096 1320 τὸ
1127 1251 1285 1347 πρόσθεν,

131 1362 216 1433 ’ὑπὸ
236 1370 293 1445 τῆς
321 1364 527 1455 γλυκύτητος
546 1363 648 1433 atron?
666 1369 861 1433 τελευταῖον
882 1358 922 1433 άν
941 1364 1210 1446 καταπεπόσθαι,
1232 1362 1286 1434 καὶ

132 1476 357 1546 άναλελύσθαι
383 1478 425 1552 εἷς
449 1476 510 1558 τάν
532 1476 613 1557 ὅλην
636 1475 779 1558 3ούσιίιν,
805 1477 834 1544 α’
855 1475 900 1557 μὴ
929 1478 972 1569 τῇ
1001 1473 1205 1575 σπηριζαύσρ
1232 1476 1286 1545 καὶ

132 1586 225 1665 ἐκτός
247 1594 310 1660 τοῦ
335 1588 482 1686 άῤῥῆτου
511 1588 671 1679 μεγέθους
701 1588 926 1685 φυλασσούσῃ
953 1585 999 1658 τά
1031 1588 1096 1658 ὅλα
1128 1588 1287 1683 συνέτυχε

134 1697 273 1785 δυνάμει.
308 1700 442 1783 Ταύτην
464 1698 499 1770 δὲ
525 1700 586 1782 τὴν
610 1698 740 1783 δύναμιν
762 1699 815 1769 καὶ
840 1694 951 1795 Ὅρον
977 1704 1147 1784 καλοῦσιν,
1168 1701 1227 1797 ὑφ’
1252 1700 1287 1782 ἧς

132 1880 280 1968 quoniam
299 1902 363 1945 non
385 1878 673 1945 communicaverat
692 1878 784 1943 Patri
800 1878 952 1963 perfecto,
969 1879 1235 1964 quemadmodum
1252 1890 1286 1945 et

133 1979 214 2045 Nus.
243 1980 427 2046 Passionem
444 1992 553 2045 autem
570 2001 638 2043 esse
655 1978 898 2063 exquisitionem
915 1977 1042 2043 Patris:
1070 1978 1170 2043 voluit
1190 1979 1286 2055 enim,

131 2088 169 2145 ut
195 2079 315 2156 dicunt,
341 2079 594 2167 magnitudinem
619 2079 687 2164 ejus
713 2078 992 2163 comprehendere.
1040 2077 1167 2141 Dehinc
1190 2100 1287 2164 quum

131 2200 195 2245 non
218 2189 335 2265 posset,
353 2178 502 2265 quoniam
524 2177 747 2265 impossibilem
767 2200 836 2242 rem
859 2178 1097 2264 aggrederetur,
1116 2177 1149 2241 in
1170 2200 1287 2264 magna

131 2280 246 2367 agonia
263 2280 472 2345 constitutum
489 2290 622 2365 propter
638 2276 891 2364 magnitudinem
907 2276 1094 2355 altitudinis,
1108 2284 1142 2341 et
1155 2285 1288 2362 propter

132 2381 217 2464 quod
243 2379 461 2465 investigabile
488 2378 597 2444 Petris
622 2384 681 2454 est,
705 2384 737 2441 et
764 2385 897 2462 propter
920 2400 990 2442 eam
1017 2398 1088 2461 quae
1114 2383 1184 2442 erat
1210 2398 1287 2463 erga

132 2499 204 2541 cum
219 2478 429 2552 dilectionem,
448 2500 545 2564 quum
566 2478 796 2543 extenderetur
815 2499 940 2561 semper
960 2477 992 2539 in
1009 2476 1126 2561 priora,
1144 2499 1165 2541 a
1181 2476 1286 2541 dnlce-

132 2575 206 2640 dine
232 2577 301 2662 ejus
327 2576 493 2642 novissime
519 2578 603 2641 sorte
627 2579 815 2661 absorptum
838 2576 958 2654 inisset,
983 2586 1017 2639 et
1047 2576 1222 2640 resolutum
1252 2577 1285 2640 in

131 2676 309 2741 universam
335 2677 556 2754 substantiam,
584 2676 643 2741 nisi
676 2675 716 2752 ei,
742 2696 815 2761 quae
841 2676 1021 2749 confirmat,
1045 2682 1079 2739 et
1111 2681 1206 2740 extra
1239 2675 1287 2737 in-

131 2776 341 2841 enarrabilem
368 2775 619 2862 magnitudinem
646 2775 785 2840 custodit
808 2775 923 2850 omnia,
949 2774 1138 2839 occurrisset
1164 2773 1285 2839 virtuti.

132 2874 228 2942 Hanc
253 2883 361 2942 autem
383 2875 534 2941 virtutem
560 2883 594 2941 et
621 2875 734 2940 Horon
755 2883 887 2950 vocant;
913 2897 934 2941 a
956 2897 1020 2960 qua
1044 2876 1229 2939 abstentum
1251 2882 1285 2939 et

129 3062 225 3121 μήσεαι
235 3062 541 3123 τοῦέαυτοῢ...τροέβαλε
552 3063 594 3111 τὸν
605 3062 681 3109 Μονα·
780 3058 791 3091 ³
807 3062 867 3118 θληυ
881 3062 970 3109 οὐσίαν.
1004 3060 1084 3108 These
1094 3060 1181 3119 words,
1195 3060 1284 3123 passed

130 3143 197 3203 γενῆ.
228 3142 329 3203 Γέγονεν
345 3144 384 3189 οῦν
401 3143 442 3189 καὶ
461 3141 474 3190 ὁ
494 3142 542 3190 ἀπὸ
561 3144 679 3203 γνώσεαι,
732 3142 944 3206 overbyGnABu,
956 3142 1138 3205 areexplained
1149 3142 1281 3205 byrtma-

132 3225 244 3273 τουτέστι
255 3225 298 3284 τῆς
309 3226 426 3285 πατρικῆς
438 3225 585 3283 ἐνθυμήσεως
597 3225 681 3284 τρυελ·
732 3238 784 3275 nnn
812 3225 843 3288 (“
855 3225 1003 3273 Genetisehe
1025 3224 1217 3287 Entwickelung
1238 3225 1282 3273 der

130 3306 264 3356 θώυ...καὶ
275 3307 288 3355 θ
299 3307 342 3365 μέν
352 3307 433 3365 μείνας
447 3306 575 3366 μονογενὴς
589 3306 635 3352 ulte
651 3305 683 3353 cle
731 3308 879 3358 Gnostieche
897 3307 1042 3371 System'e”)
1060 3323 1089 3355 as
1105 3308 1149 3355 the
1167 3322 1282 3355 common

129 3390 171 3437 τὸν
182 3389 272 3437 κόλπον
283 3390 327 3437 ταῦ
341 3390 431 3451 πατρὸς
447 3390 490 3447 τὴν
503 3388 629 3445 ἐνθύμησιν
644 3388 683 3435 aa
731 3392 862 3440 substance
879 3390 908 3438 of
927 3391 970 3439 the
989 3390 1105 3453 Divinity
1123 3390 1149 3438 in
1171 3389 1278 3453 Bythus.

129 3471 173 3529 τῆς
183 3470 294 3531 ’γνώσεως
305 3471 426 3531 ἐξηγεῖται
437 3470 486 3518 τοῖς
499 3470 589 3527 αἰῶσιν,
607 3468 637 3516 ὡς
654 3468 683 3515 ἂν
733 3473 750 3496 “
759 3470 822 3518 Also
832 3470 867 3518 ist
876 3474 952 3519 unter
966 3468 1013 3530 ὅλη
1027 3471 1097 3519 edcta
1110 3486 1141 3519 zu
1151 3472 1282 3519 verstehen

130 3552 170 3599 «al
189 3551 235 3599 ὑπὸ
252 3553 296 3600 τοῦ
312 3551 404 3600 κόλπου
421 3551 494 3599 αι’σοῦ
511 3550 663 3612 προβληθείη.
730 3552 774 3601 dae
787 3552 931 3617 allgemeine
947 3551 1049 3616 Daeeyn
1064 3552 1089 3599 in
1104 3552 1161 3600 dem
1174 3552 1278 3616 Bythos,

179 3631 240 3693 lIf,
258 3648 286 3681 as
306 3633 400 3681 Gneus
417 3632 546 3695 imagines,
567 3632 610 3681 thu
626 3631 683 3678 four
730 3634 774 3683 der
795 3650 860 3697 ganz
881 3633 1032 3681 nattrlicher
1055 3631 1133 3692 Sinn3
1154 3630 1195 3679 Sie
1217 3635 1283 3679 ware

131 3714 263 3778 preceding
279 3715 358 3763 words
371 3731 413 3763 are
428 3730 459 3763 an
474 3713 626 3763 additiones
640 3713 682 3761 the
729 3717 788 3776 fast,
802 3718 864 3765 uber
873 3716 914 3765 die
924 3719 1033 3779 grhnzen
1044 3715 1110 3763 ihrer
1120 3713 1283 3762 Indiuiduali-

131 3796 273 3858 translator,
298 3813 334 3846 we
355 3801 423 3845 must
445 3796 504 3844 read
525 3795 681 3857 θααιθαιυιυ,
731 3801 770 3845 t'at
782 3795 984 3856 hinauewollend,
997 3794 1245 3859 anfgelbsetworden
1257 3794 1283 3842 in

131 3877 213 3927 which
231 3877 311 3927 would
329 3877 381 3927 also
399 3877 546 3942 correspond
563 3878 623 3926 with
640 3877 683 3925 the
731 3881 775 3929 das
794 3880 885 3929 Wesen
907 3880 950 3929 des
970 3878 1169 3937 Unendlichen,”
1186 3894 1210 3941 p.
1224 3892 1281 3928 arr.

132 3959 223 4009 Greek.
732 3962 855 4023 Compare
861 3962 1125 4010 Tmmmmnsbove.
1139 3958 1285 4007 Somehave

163 4040 242 4090 1'I'he
253 4042 379 4106 Apostle's
391 4042 471 4090 words
483 4040 565 4091 would
575 4058 640 4090 seem
655 4047 681 4089 to
731 4042 883 4105 interpreted
904 4043 948 4090 the
966 4042 1045 4090 words
1067 4041 1096 4089 oi
1115 4042 1158 4088 the
1180 4039 1285 4087 Chaotic

130 4122 363 4183 beindicated,roir
374 4124 680 4185 ἐμπροσθενέκτεινθμενος,
731 4123 864 4171 substance
881 4122 935 4169 into
955 4120 1036 4168 which
1048 4121 1092 4169 the
1107 4120 1175 4167 AEon
1190 4118 1285 4181 Sophia

129 4204 197 4254 Phil.
211 4204 245 4252 iii.
263 4219 299 4266 13.
730 4203 826 4267 passed,
851 4208 896 4251 out
917 4201 947 4249 of
965 4202 1008 4250 the
1033 4202 1166 4261 Pleroma3
1188 4200 1235 4248 but
1256 4214 1285 4247 ae

179 4284 304 4333 'Modico
319 4284 399 4346 obfuit
410 4300 464 4346 proe
479 4284 504 4333 ct
518 4285 684 4336 dulcedinieet
732 4284 868 4333 Nnuunaa
894 4282 954 4346 (and
981 4282 1046 4331 after
1075 4282 1128 4330 him
1155 4278 1284 4342 srrrmr)

118 4365 350 4424 ,loborirdevorori
365 4373 385 4413 ct
400 4366 427 4413 ia
443 4366 562 4427 reliquum
574 4368 682 4416 submou-
728 4365 809 4430 jnstly
826 4366 948 4424 observes,
972 4363 1064 4427 Sophia
1084 4364 1106 4411 is
1126 4362 1180 4411 said
1199 4362 1284 4410 amru

129 4447 190 4497 tiam
208 4447 313 4508 dhselce',
332 4462 375 4495 aec
393 4447 459 4495 alim
476 4464 549 4509 prtum
560 4449 684 4510 ρετευιιθα
733 4448 802 4497 εσθαι
814 4448 852 4495 dcl
863 4447 904 4495 ἐπὶ
914 4447 943 4494 τὸ
954 4446 1064 4508 πρόσθεν,
1077 4444 1127 4492 and
1139 4443 1285 4491 subsidenoe

130 4536 244 4590 maceret,
258 4528 309 4577 aiei
324 4527 452 4591 beneseto
466 4528 682 4578 inHorona'aear·
732 4529 786 4577 into
809 4528 851 4577 the
872 4528 970 4591 regions
992 4525 1020 4574 of
1038 4529 1130 4573 matter
1151 4522 1233 4572 would
1254 4524 1285 4571 be

130 4611 204 4661 κίσσα.
229 4612 309 4659 Thur.
322 4609 379 4659 αθυ.
399 4609 451 4659 Vel.
465 4624 489 4673 9.
734 4610 928 4658 ratherarcdsw
940 4610 972 4657 εις
982 4609 1011 4655 τὸ
1022 4607 1121 4655 θτισθευ
1131 4622 1160 4654 or
1170 4606 1283 4655 κάτωθεν.
