3225 5184
339 356 405 421 258
835 372 956 426 LARES

171 542 321 629 Lgppptpil·
337 526 501 607 visibilem,
519 527 593 593 talis
614 535 649 594 et
666 528 771 595 lectus
788 528 910 593 luisset.
962 527 997 593 Si
1012 534 1122 594 autem
1138 529 1214 595 talis
1229 530 1350 616 ¹quslie
1365 537 1426 607 eet,
1455 538 1495 596 et

171 616 322 721 ΜΔδξᾸῐ-ὼ-
338 627 406 713 ipse
421 627 498 693 lecit
513 650 587 693 eum
601 630 710 707 talem,
724 629 779 714 qui
796 628 893 693 talem
911 628 1040 713 quidem
1056 637 1165 695 mente
1179 638 1395 719 conceperam
1430 638 1495 696 aut

173 755 325 769 ——
340 726 372 791 in
387 727 575 812 'praeseutia
592 728 700 794 Patris
716 728 817 795 voluit
837 750 905 794 csse
925 751 999 794 eum
1018 730 1193 794 secundum
1214 730 1331 795 mentis
1353 752 1495 815 concep-

339 827 460 893 tionem
487 828 595 903 talem,
617 836 652 895 et
676 828 896 914 compositum,
918 835 953 893 et
977 828 1174 907 mutabilem,
1198 838 1233 895 et
1257 837 1492 897 transeuntem.

341 927 421 993 Cum
445 933 553 993 autem
578 928 621 993 eit
643 928 726 1006 talis,
746 928 870 1013 qualem
887 928 989 994 Pater
1013 928 1248 995 deformaverat
1266 931 1351 1015 apud
1371 940 1494 995 semet-

339 1026 452 1111 ipsum,
471 1026 616 1113 'dignam
632 1049 700 1092 esse
719 1026 828 1093 Patris
844 1026 1096 1093 fabricationem.
1121 1027 1217 1104 Quod
1230 1036 1338 1094 autem
1354 1052 1375 1094 a
1387 1029 1493 1095 Patre

339 1125 556 1191 universorum
573 1133 681 1192 mente
696 1135 884 1213 conceptum
900 1133 950 1191 eet
966 1136 1001 1193 et
1017 1128 1259 1211 praesormatum
1269 1128 1324 1204 sic,
1338 1131 1493 1215 quemad-

340 1226 471 1290 modum
488 1235 521 1290 et
538 1226 734 1304 factumest,
760 1228 840 1292 labie
863 1249 931 1291 esse
954 1226 1060 1292 dicere
1076 1227 1226 1303 fructum,
1246 1236 1280 1293 et
1297 1228 1493 1315 ignorantiae

339 1324 560 1411 prolationem,
579 1348 702 1413 magnae
719 1326 923 1412 blasphemiae
940 1335 999 1392 eet.
1037 1326 1111 1392 Erit
1128 1327 1212 1391 enim
1228 1328 1401 1393 secundum
1416 1327 1491 1393 illos

340 1424 442 1491 Pater
459 1425 598 1490 omnium
613 1427 785 1491 secundnm
799 1448 890 1491 suam
906 1426 1022 1492 mentis
1045 1427 1285 1512 conceptionem
1304 1427 1338 1491 in
1360 1434 1495 1513 pectore

339 1548 397 1591 suo
413 1525 494 1590 labie
509 1524 691 1591 emissiones
708 1532 742 1591 et
758 1526 948 1613 iguornutioe
965 1525 1087 1591 fructus
1103 1547 1281 1612 generans:
1309 1549 1381 1612 quas
1403 1527 1494 1593 enim

339 1633 449 1691 mente
466 1632 665 1712 conceperat,
683 1626 751 1691 haec
765 1627 853 1692 sacta
868 1634 954 1691 sunt.

417 1729 447 1790 2.
500 1724 605 1790 (lausa
621 1726 722 1813 igitur
738 1727 911 1812 quaerenda
925 1731 975 1791 eet
986 1724 1166 1810 hujusmodi
1183 1724 1398 1811 dispositionis
1416 1727 1492 1804 Dei,

340 1825 397 1889 sed
413 1846 478 1889 non
495 1825 663 1891 fabricatio
679 1826 790 1891 mundi
807 1826 901 1891 alteri
918 1824 1148 1890 adscribenda:
1165 1833 1199 1890 et
1215 1833 1291 1890 aute
1308 1835 1496 1912 praeparata

340 1923 448 1989 omnia
464 1924 600 1990 dicenda
614 1932 690 1992 eunt
714 1924 833 2005 aDeo‚
852 1933 890 1991 ut
914 1925 1039 2002 fierent,
1058 1925 1326 2010 quemadmodum
1348 1934 1383 1992 et
1403 1928 1496 1992 lacta

342 2029 427 2101 eunt,
449 2024 506 2088 sed
531 2045 595 2088 non
616 2026 731 2090 umbra
753 2032 788 2090 et
809 2025 951 2090 vacuitas
972 2024 1182 2110 confingenda
1206 2034 1265 2089 est.
1318 2026 1494 2106 Caeterum,

342 2123 423 2187 erede
440 2124 602 2189 mear?
624 2132 796 2209 quoeretur,
814 2132 922 2189 utrum
940 2126 982 2188 ab
1002 2124 1144 2188 omnium
1160 2124 1261 2190 Patre
1278 2132 1313 2191 et
1328 2126 1495 2212 prolatore

342 2222 516 2287 secuudum
541 2244 595 2287 eos
629 2231 663 2287 et
688 2223 791 2309 ipsum
816 2224 986 2309 prolatum,
1012 2232 1046 2288 et
1072 2232 1122 2290 est
1138 2225 1287 2311 ‘aequalis
1311 2226 1433 2290 honore
1455 2235 1495 2291 et

341 2329 516 2409 cognatum
532 2322 660 2408 reliquie
677 2323 845 2401 AEonibus,
863 2323 948 2388 sorte
964 2331 1074 2389 autem
1091 2331 1124 2389 et
1141 2325 1302 2411 antiquius
1323 2326 1407 2410 ipsis.
1455 2325 1495 2390 Si

342 2430 452 2487 eutem
469 2423 512 2488 ab
529 2423 641 2488 eodem
653 2422 801 2489 emissum
815 2433 874 2502 eet,
885 2422 987 2488 simile
999 2431 1048 2488 est
1061 2424 1091 2488 ei
1108 2424 1162 2510 qui
1178 2426 1292 2501 emisit,
1305 2434 1339 2491 et
1355 2425 1496 2490 hiscum

343 2522 457 2608 quibus
467 2522 614 2588 emissum
628 2530 686 2590 est.
715 2522 900 2589 Necessitas
916 2545 993 2610 ergo
1009 2523 1072 2588 erit
1086 2523 1171 2588 omni
1187 2525 1292 2602 modo,
1304 2531 1339 2590 et
1350 2524 1496 2611 Bythum

342 2621 483 2708 ipsorum
499 2645 572 2689 cum
591 2622 667 2710 Sige
688 2646 788 2690 vacuo
804 2624 938 2689 similem
952 2646 1030 2703 esee,
1049 2623 1110 2689 hoc
1124 2631 1173 2689 eet
1189 2646 1323 2690 vecuum
1345 2647 1434 2690 esse:
1459 2632 1497 2690 et

342 2860 443 2911 videtur
464 2869 484 2911 et
505 2862 657 2925 vufflens,
682 2863 732 2911 end
755 2861 895 2911 Sr1nn1rv'e
942 2860 1028 2910 reader
1038 2860 1089 2909 will
1102 2862 1205 2909 observe
1216 2862 1274 2911 that
1284 2862 1354 2911 there
1368 2878 1410 2910 are
1426 2864 1498 2912 three

343 2942 430 2991 malms
462 2942 608 2992 invicibilem
616 2961 628 3000 ,·
662 2942 705 2992 the
733 2942 896 2991 Benedictiue
942 2942 1110 3007 mppoeiticue
1126 2942 1254 2991 advanced
1275 2942 1368 3006 hythe
1385 2944 1496 2995 author:

342 3022 424 3073 editor
435 3023 556 3087 imagines
571 3024 613 3073 the
625 3024 707 3073 Greek
718 3039 783 3088 copy
793 3028 821 3073 to
831 3024 896 3073 have
940 3024 999 3073 thet
1006 3022 1050 3073 the
1056 3021 1141 3082 world,
1151 3038 1179 3071 ee
1186 3037 1255 3071 some
1262 3022 1494 3085 Mreficenaud,

342 3104 393 3153 had
405 3106 531 3167 θεωρητὸν,
543 3106 595 3155 ecla
610 3112 685 3155 mente
698 3105 893 3169 percipiendum,
942 3121 994 3153 was
1004 3103 1098 3153 eternal
1107 3121 1115 3164 ;
1125 3103 1182 3153 that
1188 3104 1208 3153 it
1217 3120 1268 3153 wne
1278 3105 1378 3155 created
1387 3106 1415 3154 in
1425 3107 1496 3167 time,

342 3181 425 3230 which
456 3183 500 3231 the
528 3184 662 3233 translator
695 3182 895 3232 mieuuderetood
942 3186 1004 3233 with
1015 3200 1048 3233 no
1058 3184 1174 3247 previous
1186 3184 1278 3233 ideeol
1284 3186 1341 3235 itin
1349 3187 1392 3234 the
1403 3186 1497 3237 Divino

343 3278 370 3311 ae
385 3262 505 3326 relerring
517 3267 544 3312 to
555 3262 661 3312 sensible
672 3264 833 3328 perception;
849 3264 896 3311 but
941 3266 1027 3326 mind;
1045 3281 1074 3313 or
1085 3266 1142 3313 that
1153 3266 1174 3314 it
1184 3266 1280 3315 existed
1292 3282 1319 3315 ss
1330 3283 1347 3315 a
1356 3268 1456 3331 portion
1469 3269 1501 3317 ol

341 3342 459 3393 visibilem
484 3345 554 3408 quite
575 3346 679 3394 entiches
701 3346 744 3394 the
766 3362 845 3406 sense,
869 3345 898 3393 of
941 3349 985 3397 the
1003 3348 1096 3397 Divino
1117 3347 1229 3397 couneele
1245 3348 1310 3395 from
1326 3348 1360 3396 all
1375 3350 1494 3413 eternity,

342 3426 423 3475 which
437 3428 480 3476 the
493 3427 621 3493 following
637 3428 719 3477 Greek
739 3429 820 3477 words
836 3444 896 3492 may
942 3430 1040 3493 though
1058 3430 1120 3477 with
1146 3445 1180 3478 no
1201 3429 1323 3493 temporal
1342 3429 1497 3479 subsistencia

342 3509 373 3559 be
384 3510 526 3559 considered
538 3516 565 3559 to
579 3511 611 3559 be
625 3512 668 3560 the
681 3516 823 3576 exponent;
840 3512 894 3561 dax
941 3511 1007 3560 until
1017 3512 1060 3560 the
1070 3512 1131 3559 time
1142 3512 1171 3559 os
1178 3512 1211 3561 ite
1221 3511 1339 3572 mention,
1350 3512 1496 3562 mdofthis

343 3586 365 3633 el
391 3588 434 3644 μὲν
457 3589 548 3636 αἰώνιον
573 3589 645 3636 αὐτὸν
666 3592 699 3650 τῇ
722 3591 799 3651 ἐννοίᾳ
822 3592 895 3639 roret·
942 3596 986 3645 the
1007 3595 1098 3643 author
1113 3609 1171 3642 now
1186 3594 1293 3657 spcske;
1311 3596 1354 3645 the
1370 3596 1451 3643 words
1467 3596 1497 3643 ia

341 3667 427 3726 ληφεν,
451 3667 535 3728 ὁρατὸν
558 3669 591 3727 δὲ,
610 3670 711 3731 ’γέγονεν
728 3668 757 3718 ἂν
778 3674 893 3731 τοιοῦτος,
939 3677 1071 3741 pmmtic
1086 3675 1179 3736 Patris,
1201 3692 1230 3725 or
1246 3678 1272 3726 dv
1286 3679 1320 3738 τῇ
1339 3679 1384 3727 τοῦ
1399 3679 1496 3740 llcrpdr

341 3746 385 3795 the
407 3762 477 3796 senes
493 3748 577 3811 being,
595 3748 636 3797 hut
652 3748 710 3813 isit
726 3749 778 3799 tud
793 3752 896 3815 plccrcd
941 3760 1061 3823 παρουσίᾳ
1072 3758 1107 3822 (f.
1121 3757 1138 3806 l.
1152 3758 1285 3820 epaeneto),
1300 3758 1423 3822 implying
1433 3763 1495 3809 ster

344 3825 398 3877 cod
412 3834 434 3877 tc
445 3828 549 3879 mecine
559 3846 594 3878 on
606 3831 702 3893 cernel,
715 3831 804 3895 tlorffls
815 3834 896 3884 vssshlc
942 3841 985 3891 md
1001 3840 1103 3905 ideality
1114 3841 1140 3891 in
1151 3840 1194 3890 the
1210 3840 1304 3889 Divine
1318 3839 1401 3891 Minu.
1441 3840 1496 3892 Tne

341 3904 424 3965 codd,
438 3905 543 3955 itwould
553 3906 612 3957 leuce
622 3908 678 3959 heca
685 3924 718 3969 ec,
732 3909 775 3961 dtc.
789 3910 832 3960 dcc.
862 3910 895 3959 In
943 3921 1042 3971 Onu,
1055 3938 1120 3986 ουρ]
1130 3922 1175 3971 hae
1185 3920 1268 3979 wleit,
1288 3920 1338 3970 GR.
1350 3921 1440 3971 voleat.

341 3987 385 4036 the
397 3987 531 4053 preceding
541 3994 664 4051 sentence,
680 3990 723 4039 the
733 3992 825 4041 author
835 3997 895 4057 pute
992 4000 1004 4034 ²
1021 4002 1058 4051 cr,
1070 4003 1200 4052 Tarsum.
1211 4001 1268 4051 ade.
1280 4002 1362 4052 Mure.
1375 4014 1394 4051 1.
1406 4017 1444 4065 13,
1456 4018 1495 4065 ¹4·

342 4083 370 4117 ce
391 4085 407 4117 a
428 4085 558 4135 necessary
574 4070 722 4122 alternative
744 4073 823 4123 either
838 4074 896 4123 thet
991 4082 1142 4147 ⁴AEqualie.
1159 4084 1306 4149 Lsgsudum
1319 4084 1418 4146 anule,
1431 4086 1498 4135 sicut

343 4150 538 4201 chconceived
546 4153 691 4203 theworld'e
699 4155 823 4204 existence
831 4155 895 4204 from
939 4166 1073 4227 promum,
1092 4174 1226 4229 myndam,
1245 4164 1373 4229 antiquins
1388 4166 1432 4216 tto.
1450 4172 1499 4216 aut

342 4230 375 4279 ell
386 4233 502 4297 eternity,
517 4249 545 4281 or
556 4234 582 4281 iu
595 4234 668 4285 time:
684 4235 745 4284 both
757 4240 851 4285 cannot
863 4236 895 4285 be
943 4248 1027 4310 potine
1044 4248 1097 4297 hm
1113 4248 1197 4297 omni·
1214 4248 1242 4297 in
1260 4247 1390 4297 soeminino
1406 4262 1498 4311 gnere

342 4314 850 4381 true,1cmqua[tuctreps]iarredstilia.
943 4329 1065 4392 ponenda,
1083 4329 1143 4393 quia
1158 4328 1411 4393 preceseitmeetar.
1446 4328 1497 4379 Sed

390 4393 401 4425 ¹
417 4396 456 4444 i.e.
469 4395 555 4457 scotus
565 4402 604 4445 eet
943 4424 1001 4456 cum
1015 4409 1041 4456 in
1053 4409 1141 4457 Gracc
1155 4410 1187 4458 ob
1197 4424 1285 4457 vocem
1298 4410 1392 4468 κέυωμα
1403 4414 1498 4459 cuncta

390 4472 402 4505 ¹
417 4474 496 4527 There
507 4477 529 4525 is
539 4492 573 4525 no
583 4476 641 4527 Me.
651 4477 769 4528 evidence
780 4478 819 4529 lor
828 4482 896 4531 Proe·
942 4494 1030 4535 neuere
1039 4493 1130 4547 meent,
1144 4488 1273 4553 Inter-pree
1282 4490 1322 4538 eui
1332 4490 1425 4540 oblitus
1435 4490 1498 4541 talia

342 4553 449 4617 σοι’ωιίία,
466 4573 494 4607 ee
507 4559 642 4624 suggested
657 4560 692 4624 by
704 4559 808 4613 (lanan.
842 4563 896 4613 'l'he
942 4568 1202 4631 quoqueinversione
1211 4569 1326 4619 reddidit
1360 4570 1412 4619 Gn.
