3225 5184
576 397 868 452 unncosronuu.
1246 386 1313 450 133

46 576 128 662 {lia
157 559 301 631 ἕκαστον
334 563 401 630 τῶν
436 556 619 658 τριάκοντα
653 557 862 658 γραμμάτων
894 561 928 631 έν
960 561 1068 650 terrei
1094 560 1182 658 ἔχειν
1210 562 1309 662 ἕτερα
1323 576 1477 662 Lgffljlssff

48 670 125 710 ’ω’
155 668 352 770 γράμματα,
373 669 412 740 δι’
434 673 475 744 οὗ
491 667 561 777 [Η.
581 683 601 748 l.
623 667 685 776 dv]
703 671 746 744 τδ
766 675 869 757 ὄνομα
888 679 951 744 τοῦ
967 670 1168 771 γράμματος
1189 671 1309 758 ὄνομά,
1322 669 1475 754 mim

155 783 259 885 ζεται·
288 783 342 855 καὶ
366 781 406 852 αδ
427 784 531 856 πάλιν
556 783 601 857 τὰ
624 786 723 883 ἕτερα
747 783 786 855 δι’
813 784 926 856 ἄλλων
949 784 1170 886 ὀνομάζεσθαι
1199 814 1309 885 γραμ-

151 893 350 980 μάτων,καῖ
373 894 418 966 τὰ
442 897 533 968 άλλα
554 896 593 967 δι’
616 897 737 967 ἄλλων·
767 901 809 974 ὡς
831 893 901 1002 [Η.
927 907 947 971 l.
968 892 1077 1001 ὥστε]
1104 892 1157 974 εἶς’
1171 897 1308 998 άτειρον

151 1009 323 1081 ἐκπέττειν
339 1009 383 1083 τὸ
402 1014 530 1094 πλῆθος
549 1015 615 1081 τῶν
628 1007 845 1108 γραμμάτων.
871 1007 973 1082 Obre
992 1008 1019 1080 δ’
1032 1007 1073 1080 ἂν
1091 1011 1308 1110 σαφέστερον

151 1120 273 1205 μάθοις
290 1121 334 1194 τὸ
351 1124 544 1212 λεγόμενον·

234 1254 266 1320 3.
319 1235 374 1307 Τὸ
395 1233 499 1305 δέλτα
525 1243 697 1329 στοιχεῖον
722 1233 913 1333 γράμματα
932 1235 965 1303 έν
983 1236 1091 1324 ἑαυτῷ
1107 1236 1175 1330 ἔχει
1197 1235 1306 1319 πέντε,

152 1344 236 1417 eleb
257 1345 292 1417 δὲ
312 1346 356 1419 τδ
379 1345 492 1432 δέλτα,
512 1347 566 1418 καὶ
586 1345 644 1417 τὸῙ
667 1377 703 1430 ει,
726 1346 839 1418 καὶτὸ
858 1343 1008 1434 λάμβδα,
1028 1348 1081 1417 καὶ
1101 1345 1144 1418 τὸ
1162 1353 1233 1430 τοῦ,
1252 1348 1307 1419 καὶ

151 1457 195 1530 τδ
216 1458 325 1558 ἄλφα·
351 1459 405 1530 καὶ
423 1465 532 1531 ταῦτα
552 1460 655 1528 πάλιν
678 1455 724 1530 τὰ
750 1458 939 1557 γράμματα
962 1457 1004 1528 δι’
1032 1458 1144 1529 ἄλλων
1173 1457 1307 1557 γράφε-

151 1602 208 1642 ται
241 1572 458 1669 γραμμάτων,
484 1572 537 1641 rai
565 1569 610 1643 τὰ
648 1570 739 1640 ἄλλα
771 1569 813 1640 δι’
839 1570 960 1642 ἄλλων.
1004 1570 1053 1640 Εἰ
1078 1568 1132 1641 οὖν
1160 1575 1178 1652 ἦ
1210 1575 1306 1640 τᾶσα

150 1683 341 1761 ὑπόστασις
363 1690 427 1756 τοῦ
451 1681 556 1755 δέλτα
575 1685 618 1759 εἰς
637 1681 774 1781 ἄπειρον
801 1683 963 1765 ἐκπέττει,
992 1682 1042 1752 ἀεὶ
1073 1682 1187 1753 ἄλλων
1211 1680 1304 1753 ἅλλα

152 1796 340 1895 γράμματα
362 1797 555 1888 γεννώντων,
583 1794 636 1865 καὶ
663 1793 901 1890 διαδεχομένων
929 1794 1074 1877 ἄλληλα,
1099 1796 1197 1884 τόσῳ
1218 1798 1307 1878 μᾶλ-

150 1914 214 1978 λον
248 1909 366 1979 ἐκείνου
399 1914 462 1980 τοῦ
497 1908 671 2002 στοιχείου
702 1905 817 2006 μεῖζον
859 1905 938 1976 εἴναι
973 1904 1016 1977 τδ
1049 1906 1201 1997 πέλαγος·
1239 1912 1306 1978 τῶν

152 2018 379 2116 γραμμάτων;
418 2020 489 2091 Kal
515 2022 543 2090 ει’
567 2018 611 2091 rb
633 2018 669 2089 ‘bv
689 2016 831 2118 γράμμα
850 2017 951 2094 οὕτως
970 2016 1117 2116 ἄπειρον,
1137 2021 1201 2117 ὅρα
1225 2021 1307 2090 ὅλον

149 2137 213 2204 τοῦ
246 2133 409 2216 ὀνόματος
438 2130 499 2204 τδν
524 2130 631 2219 βυθὸν
657 2135 723 2203 τῶν
749 2131 967 2229 γραμμάτων,
998 2128 1036 2223 ἐξ
1061 2130 1103 2201 ὧν
1131 2133 1193 2202 τδν
1222 2163 1307 2230 τρο-

150 2246 287 2341 τάτορα
313 2249 331 2327 ἦ
361 2242 506 2344 Μάρκου
537 2242 626 2334 Σιγὴ
652 2245 848 2314 συνεστάναι
876 2241 1091 2333 ἐδογμάτισε.
1134 2241 1220 2313 2Διδ
1250 2242 1304 2314 rai

149 2354 211 2428 τδν
251 2356 395 2454 Πατέρα
437 2355 659 2439 ἐπιστάμενον
696 2353 739 2426 τὸ
778 2355 955 2454 ἆχιάρητον
993 2357 1102 2437 αὑτοῦ,
1139 2353 1305 2426 δεδωκέναι

149 2479 220 2546 τοῖς
247 2471 438 2566 στοιχείοις,
463 2470 486 2539 d
513 2467 566 2539 καὶ
592 2467 722 2543 Albaue
747 2474 850 2550 rullei,
879 2467 924 2536 ἑνὶ
951 2467 1082 2556 ἑκάστῳ
1112 2467 1217 2538 αὐτῶν
1245 2468 1306 2551 τὴν

148 2699 250 2765 literis
266 2699 299 2764 in
315 2697 485 2786 semetipsa
510 2697 628 2764 habere
653 2697 731 2764 alies
754 2697 873 2776 literas,
895 2723 953 2785 per
975 2722 1054 2786 quas
1070 2722 1186 2765 nomen
1202 2698 1305 2765 literae

149 2799 342 2864 nominatur.
394 2799 441 2865 Et
459 2822 566 2863 rursus
583 2799 661 2863 alias
679 2821 738 2884 per
757 2799 836 2863 alias
852 2800 1008 2864 nominari
1025 2800 1145 2877 literas,
1171 2809 1206 2866 et
1227 2800 1306 2866 alias

149 2921 208 2984 per
237 2899 326 2975 alias,
355 2899 402 2964 ita
431 2905 469 2964 ut
493 2899 525 2962 iu
556 2898 744 2962 immensum
770 2898 899 2964 decidat
928 2899 1102 2964 multitudo
1128 2899 1304 2966 literarum.

151 2997 204 3062 Sic
221 3005 329 3063 autem
346 2996 471 3084 planius
488 2997 589 3062 disoes
606 2997 691 3082 quod
709 2995 843 3071 dieitur;

221 3101 252 3163 3.
306 3095 404 3162 Delta
421 3098 612 3162 elementum
626 3095 735 3160 literas
753 3095 852 3161 habet
869 3097 902 3160 in
918 3119 952 3161 se
970 3096 1117 3182 quinque,
1144 3106 1179 3163 et
1202 3097 1306 3183 ipsum

152 3201 197 3272 Δ,
221 3203 256 3262 et
273 3199 310 3275 E,
329 3205 363 3262 et
382 3203 422 3274 A,
440 3204 474 3261 et
490 3199 530 3268 T,
549 3203 583 3260 et
601 3199 639 3270 A,
664 3203 698 3259 et
720 3195 771 3258 hoe
797 3217 906 3259 rursus
930 3196 1034 3261 literae
1057 3197 1211 3280 peratiae
1229 3197 1306 3260 sori-

147 3297 269 3360 buntur
293 3297 412 3375 literas,
439 3303 474 3362 et
499 3294 569 3360 aliae
586 3317 645 3380 per
670 3293 757 3358 alins.
812 3293 847 3357 Si
869 3316 947 3380 ergo
963 3293 1110 3358 universa
1125 3295 1306 3361 substantia

149 3393 256 3460 Deltae
280 3395 313 3460 iu
338 3395 525 3460 immensum
550 3393 678 3468 deoidit,
697 3393 765 3458 aliis
790 3393 868 3458 alias
892 3393 1002 3458 literas
1026 3393 1251 3479 generantibus
1271 3403 1306 3460 et

148 3495 391 3560 suceedentibus
417 3496 619 3572 alterutrum,
646 3499 767 3578 quanto
795 3492 898 3580 magis
923 3493 1006 3557 illius
1029 3492 1177 3558 elementi
1203 3496 1305 3579 majus

149 3615 217 3658 esse
233 3594 382 3680 ³pelagus
396 3593 586 3659 literarum!
631 3591 677 3658 Et
694 3591 720 3656 si
738 3613 802 3656 una
817 3591 911 3657 litera
927 3592 972 3657 sio
988 3592 1142 3658 immensa
1158 3599 1217 3667 est,
1233 3593 1306 3658 vide

148 3693 250 3758 totius
267 3693 400 3758 nominis
413 3693 605 3779 profundum
620 3692 795 3768 literarum,
815 3713 855 3756 ex
872 3691 986 3776 quibus
1004 3691 1182 3778 Propatora
1201 3692 1306 3759 Maroi

149 3792 317 3857 Silentium
335 3800 481 3858 eonstare
503 3792 621 3857 doouit.
662 3790 870 3876 Quapropter
886 3800 920 3856 et
937 3791 1068 3857 Patrem
1089 3791 1241 3856 scientem
1258 3791 1305 3855 iu-

148 3893 291 3978 capabile
307 3915 409 3969 suum,
422 3891 546 3957 dedisse
560 3889 733 3965 elementis,
748 3913 819 3976 quae
834 3905 868 3956 et
883 3891 1006 3954 AEonas
1021 3897 1124 3967 vocat,
1138 3891 1305 3976 nniouique

197 4103 506 4168 11uereadingofflur.;
518 4101 699 4168 seep.r46,n.r.
752 4101 821 4160 dem,
840 4100 880 4148 ein
896 4099 966 4163 jeder
983 4098 1072 4162 gleubt
1090 4099 1117 4147 in
1131 4098 1189 4147 dem
1207 4113 1259 4147 rm
1278 4115 1305 4146 er

196 4183 208 4217 ¹
225 4186 267 4235 Da
278 4185 498 4235 desunendlioheu
509 4187 600 4235 Weseu
612 4185 701 4235 Gottes
750 4182 828 4232 selbst
847 4181 889 4228 sur
909 4180 963 4228 siob
983 4179 1131 4244 aussprioht,
1154 4179 1199 4227 das
1221 4179 1305 4229 Gaura

146 4282 197 4316 von
213 4267 313 4316 keiuem
331 4268 419 4316 erlasst
435 4267 533 4316 werden
550 4267 626 4326 kann,
649 4265 701 4314 und
750 4260 1281 4326 auszueprecben‚us.f.Nmn1n,171.

143 4345 202 4409 jede
223 4347 292 4396 AEou
318 4348 386 4396 selue
406 4347 492 4410 eigeuo
511 4347 579 4395 Welt
600 4348 626 4395 in
648 4347 700 4395 sich
798 4343 810 4378 ⁸
825 4345 886 4393 This
896 4344 965 4392 word
975 4344 997 4392 is
1008 4344 1109 4391 written
1116 4341 1216 4405 pelopea
1227 4343 1253 4390 in
1261 4343 1306 4391 the

146 4431 224 4492 uage,
238 4427 278 4476 die
289 4443 316 4477 er
330 4443 387 4476 aum
403 4427 506 4491 Duseyu
522 4427 627 4490 bringeu
644 4427 697 4488 noll,
749 4429 857 4477 Anum
872 4425 929 4475 MS.
948 4426 1009 4474 with
1026 4441 1045 4473 a
1060 4423 1238 4488 superscribed,
1256 4423 1305 4471 but

146 4523 175 4557 so
191 4509 269 4558 heisst
286 4525 319 4570 es,
339 4509 425 4557 keiuer
441 4508 485 4556 der
502 4507 601 4556 AEonen
620 4508 701 4558 ksuut
749 4509 776 4558 in
787 4510 893 4557 another
907 4507 984 4556 haud.
1018 4507 1071 4554 'I'he
1087 4506 1223 4554 translator
1238 4509 1305 4554 most

147 4589 188 4638 dia
198 4591 357 4656 Auuspraohe
368 4589 420 4640 und
432 4589 587 4653 Sebrifaatlge
600 4589 643 4638 des
657 4606 699 4638 au·
749 4590 871 4654 probably
882 4589 943 4638 used
953 4590 997 4638 tho
1008 4588 1091 4637 Greek
1102 4586 1271 4637 termination
