3225 5184
305 354 369 421 182
751 372 973 427 nanuurrro

138 542 290 631 gffllffl
305 526 436 611 δύναμιν
460 528 540 602 ὦσιν
569 532 870 623 ιἰναγεγεννημένοι.
915 532 1057 610 Ἀλλως
1085 531 1154 633 γὰρ
1181 531 1342 605 ‹idduae-os
1366 532 1459 611 ἐντὸς
1470 558 1537 599 ens

139 634 291 723 wilm·
305 644 530 742 πληρώματος
558 648 729 717 εἰσελθεῖν·
766 644 876 728 ἐπειδὴ
910 644 992 729 αῦτη
1022 646 1117 719 ἐστίν
1146 650 1164 728 ἡ
1198 650 1242 724 εἰς
1275 646 1319 718 τὸ
1349 644 1458 735 βιίθος

141 750 290 768 ’ψ
305 750 426 861 [ευρρί.
451 763 516 830 τοῦ
540 751 666 862 βύθου]
695 754 896 849 κατάγουσα
921 760 1047 835 αύτούς.
1099 758 1154 831 Τὸ
1182 758 1242 844 μὲν
1271 758 1341 859 γὰρ
1365 756 1459 848 βιίπ-

305 900 413 954 τισμα
447 875 511 942 τοῦ
536 871 736 969 φαινομένου
765 870 887 954 Ἰησοῦ,
924 870 1074 970 ἆφέσεως
1108 875 1288 971 ἁμαρτιῶν,
1327 872 1389 956 τὴν
1423 871 1458 943 δὲ

305 981 541 1083 ιἰπολύτρωσιν
559 988 622 1056 τοῦ
637 984 670 1053 ἕν
684 984 773 1073 αύτῷ
784 982 946 1083 Χριστοῦ
961 985 1195 1069 κατελθόντος,
1216 986 1260 1061 είς
1275 985 1457 1057 τελείωσιν

306 1095 360 1167 καί
386 1094 446 1168 ιτὸ
471 1094 531 1180 μὲν
556 1096 713 1192 ψυχικὸν,
742 1096 802 1179 την
834 1094 869 1166 δὲ
894 1098 1112 1181 πνευματικὴν
1137 1097 1216 1169 εἶναι
1239 1099 1456 1197 ὑφίστανται.

307 1207 379 1279 Καί
401 1206 445 1281 τῦ
467 1207 526 1292 μὲν
545 1205 730 1295 βάπτισμα
758 1208 823 1279 dard
850 1206 1002 1281 Ἰωάννου
1024 1212 1258 1302 κατηγγέλθαι
1288 1213 1331 1287 είς
1354 1208 1458 1294 perd·

308 1350 406 1406 νοιαν,
431 1321 492 1405 την
518 1318 553 1391 δὲ
577 1321 814 1421 ἀπολύτρωσιν
844 1320 908 1392 ὑπὸ
940 1317 982 1427 [l.
1011 1329 1075 1394 τοῦ
1098 1324 1131 1393 ἕν
1162 1324 1252 1415 αύτῷ
1276 1317 1457 1427 Χριστοῦ]

305 1433 420 1517 Ἰησοῦ
451 1436 643 1517 κεκομίσθαι
676 1437 718 1511 είς
749 1434 930 1505 τελείωσιν.
977 1435 1048 1505 Καὶ
1076 1438 1170 1508 τοῦτ’
1202 1435 1281 1507 εἶναι
1317 1436 1395 1537 περὶ
1420 1437 1458 1508 οῦ

306 1548 411 1638 λέγει·
452 1547 542 1618 2Καὶ
577 1545 667 1618 ἄλλο
699 1542 886 1635 βιίπτισμα
919 1547 986 1643 ἔχω
1014 1548 1256 1635 βαπτισθῆναι,
1288 1550 1342 1621 καί
1372 1547 1458 1621 πάνυ

306 1660 482 1752 ε’πείγομαι
513 1663 555 1737 είς
587 1660 678 1731 αύτό.
729 1657 847 1730 Ἀλλὰ
876 1660 930 1729 καί
961 1670 1032 1736 τοῖς
1066 1663 1144 1737 υἱοῖς
1177 1660 1367 1749 Ζεβεδαίου,
1397 1670 1457 1745 τῆς

305 1772 432 1872 μητρὸς
461 1774 566 1845 αύτῦιυ
593 1774 782 1856 αἰτουμένης
810 1771 854 1844 τὸ
888 1773 1022 1843 καθίσαι
1050 1773 1166 1849 αύτούς
1195 1775 1229 1844 ἐκ
1260 1772 1373 1869 δεξιῶν
1400 1776 1456 1846 καί

306 1884 491 1985 ἀριστερῶν
516 1888 591 1969 μετ’
618 1886 720 1957 αύτοῦ
744 1886 787 1961 είς
812 1885 872 1966 τὴν
895 1884 1083 1971 βασιλείαν,
1110 1888 1234 1969 ταύτην
1260 1891 1455 1986 προσθεῖναι

305 1996 365 2077 τὴν
382 1996 617 2094 ἀπολύτρωσιν
639 1995 700 2068 τὸν
722 1997 847 2098 Κύριον
867 1998 1034 2089 λέγουσιν,
1059 1998 1206 2070 εἰπόντα·
1236 2001 1390 2070 Δύνασθε
1412 2000 1457 2072 τῦ

302 2104 490 2195 βάπτισμα
509 2110 748 2195 βαπτισθῆναι,
767 2108 786 2179 ‘d
803 2109 870 2200 ἐγὼ
893 2110 1008 2193 με’λλω
1026 2109 1280 2213 βαπτίζεσθαι;
1306 2111 1377 2183 Kal
1394 2111 1458 2185 τὸν

305 2318 343 2375 ut
359 2308 393 2373 in
410 2328 481 2372 eam
498 2327 569 2393 qum
586 2314 635 2372 est
652 2306 869 2393 superomnia
885 2308 998 2388 virtus,
1019 2311 1085 2376 sint
1110 2312 1301 2398 regenerati.
1352 2311 1456 2379 Aliter

306 2408 391 2473 enim
407 2407 498 2472 nobis
512 2405 703 2493 impossibile
720 2428 787 2471 esse
802 2406 889 2473 intra
906 2407 1056 2476 Pleroma
1069 2410 1211 2486 introire,
1223 2412 1373 2500 quonism
1387 2413 1455 2479 hoec

306 2517 356 2573 est
378 2529 449 2595 quae
468 2506 502 2572 iu
523 2506 716 2593 profundum
733 2506 834 2595 Bythi
855 2506 984 2574 deducit
1006 2509 1178 2580 secundum
1201 2532 1265 2580 eos.
1314 2511 1360 2577 Et
1378 2512 1456 2600 bap-

306 2607 402 2673 tisma
418 2605 545 2693 quidem
563 2606 746 2693 apparentis
767 2606 792 2671 J
793 2630 849 2672 esu
868 2606 1136 2673 inremissionem
1153 2632 1221 2675 esse
1238 2619 1454 2697 peecatorum,

305 2708 557 2794 redemptionem
578 2715 685 2772 autem
710 2728 778 2771 esse
799 2707 867 2793 ejus
890 2706 945 2792 qni
967 2708 1001 2771 in
1020 2729 1059 2773 eo
1082 2708 1283 2775 descenderit
1308 2711 1455 2797 ''spiritns

302 2807 346 2873 ad
372 2808 620 2893 perfectionem:
648 2814 681 2870 et
699 2805 776 2870 illud
796 2806 924 2891 quidem
945 2806 1090 2882 animale,
1115 2808 1201 2872 illam
1226 2817 1336 2875 autem
1361 2811 1454 2898 spiri-

304 2907 402 2973 talem
425 2928 492 2971 esse
513 2905 752 2991 repromittunt
805 2905 851 2971 Et
872 2905 1032 2989 baptisma
1056 2907 1184 2991 quidem
1208 2932 1228 2975 a
1249 2908 1274 2973 J
1275 2932 1378 2976 oanne
1397 2933 1454 2977 an·

303 3004 488 3071 nunciatum
504 3005 537 3070 in
554 3003 786 3091 poenitentiam,
804 3005 1056 3089 redemptionem
1073 3015 1181 3073 autem
1199 3008 1338 3096 ejusqui
1360 3010 1392 3075 in
1414 3032 1453 3077 eo

303 3111 354 3171 est
372 3103 503 3179 Christi,
521 3104 659 3190 positam
676 3126 744 3168 esse
760 3104 802 3168 ad
820 3104 1066 3189 perlectionem:
1092 3114 1126 3171 et
1148 3106 1208 3172 hoc
1230 3131 1298 3174 esse
1323 3110 1364 3174 de
1389 3134 1453 3196 quo

134 3216 266 3258 bue-ntu-
303 3204 398 3271 dicit:
427 3204 529 3270 Aliud
543 3202 692 3291 baptisma
710 3202 801 3269 labeo
829 3204 995 3291 baptizari,
1012 3216 1041 3270 et
1057 3206 1146 3272 valde
1155 3230 1288 3295 propera
1303 3210 1348 3274 cd
1360 3211 1451 3277 illud.

303 3304 369 3371 Sed
379 3313 413 3371 et
429 3304 501 3370 filiis
511 3304 671 3383 Zebedaei,
689 3312 793 3371 matre
804 3303 945 3389 ipsorum
955 3307 1147 3390 postulante,
1159 3317 1196 3374 ut
1207 3309 1319 3375 sedere
1331 3310 1453 3376 faceret

302 3426 356 3470 eos
372 3426 392 3470 a
409 3405 532 3471 dextris
548 3414 583 3471 et
599 3428 620 3472 ιι
635 3403 771 3469 sinistris
787 3426 860 3468 cum
877 3426 916 3468 eo
932 3404 966 3469 in
981 3427 1090 3494 regno,
1108 3407 1190 3472 hane
1205 3410 1387 3495 apposuisse
1404 3432 1453 3475 re-

301 3505 517 3590 demptionem
546 3502 719 3569 Dominum
744 3502 865 3579 dicunt,
890 3503 1066 3571 dicentem:
1098 3508 1237 3573 Potestis
1270 3508 1453 3596 baptismam

345 3682 561 3745 ιτὸμὲνψυχικόν.
581 3682 605 3731 Β.
616 3680 751 3743 Imm,
760 3682 852 3746 taking
900 3684 968 3750 Μ
983 3686 1118 3747 ἐπείγομαι,
1134 3687 1166 3736 ef.
1182 3686 1224 3736 Ps.
1237 3687 1314 3738 lxviii.
1328 3702 1367 3751 32.
1401 3690 1454 3739 Tlss

301 3764 344 3813 ths
354 3763 453 3826 highest
460 3764 523 3813 view
530 3764 558 3812 of
564 3764 607 3812 the
613 3778 687 3827 grace
697 3764 726 3811 of
733 3764 849 3827 baptism,
901 3766 1011 3814 Hebrew
1020 3767 1123 3818 student
1134 3768 1184 3816 will
1194 3770 1333 3818 remember
1343 3770 1400 3820 that
1410 3771 1455 3820 the

300 3844 432 3907 mentions,
449 3845 545 3909 onlyto
562 3845 690 3905 condemn,
707 3846 750 3893 the
764 3846 852 3893 notion
900 3847 1009 3896 Hebrew
1026 3822 1043 3899 5
1060 3849 1081 3897 is
1099 3850 1314 3915 interchangsable
1331 3852 1392 3901 with
1410 3852 1455 3900 the

300 3928 357 3977 that
384 3928 510 3977 Christian
538 3928 646 3992 baptism
668 3942 719 3977 was
744 3926 852 3990 nothing
900 3929 1198 3997 Chaldaicorsyriso'l.

300 4026 369 4059 more
379 4010 441 4059 than
452 4010 495 4060 the
506 4010 614 4075 baptism
629 4011 658 4059 cl
671 4010 741 4060 John
759 4010 799 4058 lor
813 4025 850 4058 re
942 4011 954 4043 ⁸
969 4012 1023 4062 'l'ne
1033 4019 1127 4063 correet
1135 4016 1237 4079 reading
1243 4021 1356 4064 ssemsto
1364 4014 1453 4078 besps'.

300 4097 430 4155 pentsnes.
802 4083 803 4086 ί
897 4093 1454 4163 rsmfflsacmss,nsss,voss)sroing

348 4172 360 4204 ⁸
375 4174 467 4239 Again,
477 4176 520 4224 the
528 4176 613 4225 reader
618 4192 677 4240 may
686 4176 716 4223 be
724 4172 850 4224 reminded
898 4178 1009 4243 possibly
1019 4178 1083 4228 hom
1100 4180 1144 4229 the
1160 4180 1244 4229 Greek
1261 4177 1371 4243 Χριστοῦ
1382 4181 1451 4228 md·

298 4252 355 4303 that
363 4255 406 4304 the
412 4260 479 4305 texts
487 4272 529 4305 are
536 4258 635 4306 written
643 4257 717 4305 down
728 4272 755 4304 es
766 4257 851 4321 bytbs
897 4276 989 4317 ματοιε
1007 4261 1033 4309 in
1051 4262 1095 4311 the
1111 4262 1216 4311 Gnostie
1237 4267 1344 4326 syrtems
1361 4262 1383 4310 it
1399 4277 1452 4309 was

297 4336 387 4398 penoi'
399 4338 442 4386 the
452 4338 553 4389 heretic.
587 4338 667 4387 'l'hsre
678 4338 760 4388 would
774 4354 848 4399 seem,
899 4340 991 4402 Christ,
1006 4344 1050 4391 the
1065 4346 1165 4406 06qu
1179 4343 1208 4392 oi
1221 4343 1348 4409 ttholy
1363 4343 1450 4408 Spirit,

297 4416 418 4478 however,
431 4422 458 4467 to
473 4419 504 4467 bs
515 4434 530 4467 s
541 4420 671 4468 confusion
684 4419 795 4468 between
806 4420 851 4469 the
898 4433 916 4470 1.
936 4424 949 4482 9
967 4442 991 4484 4,
1009 4426 1067 4475 that
1088 4426 1224 4475 descendsd
1241 4440 1310 4489 upon
1330 4426 1407 4474 Jssus
1424 4428 1452 4473 st

299 4514 386 4578 Syriae
405 4495 509 4619 53&
527 4524 612 4578 arctor,
626 4517 675 4567 ana
686 4518 729 4567 us
740 4517 851 4569 neum
897 4502 1005 4566 b*raian
1019 4506 1069 4555 ana
1083 4506 1210 4556 enims
1223 4522 1292 4571 upon
1309 4507 1361 4555 um
1378 4506 1451 4554 mee

898 4585 984 4634 culeus
995 4602 1097 4650 powers.
