3225 5184
353 447 430 502 NON
456 446 586 501 VERBO
612 447 690 501 AUT
716 448 824 501 VI'l'AE
848 446 1075 501 nauscam,
1219 431 1286 497 285

131 599 204 665 victi
221 601 338 666 suntin
350 601 450 688 primo
464 602 570 670 ¹libr0.
603 602 666 668 Sed
678 601 961 689 quoniamquidem
971 602 1172 689 reprobabilis
1182 610 1215 668 et
1229 602 1288 667 im·
1307 620 1449 703 napum.

130 705 285 788 possibilis
293 706 394 791 pn'ma
404 706 500 785 Noos,
513 706 544 771 id
559 714 608 771 est
622 708 893 793 seusus,ipson1m
907 707 1034 773 emissio
1047 715 1108 785 est,
1122 708 1288 773 manifeste
1299 694 1453 799 fflggfffffil

131 807 333 875 ostendimus.
360 810 533 875 Videamus
547 818 653 875 autem
667 818 700 876 et
715 811 754 876 de
771 811 908 897 reliquis.
931 813 986 876 Ab
1001 812 1062 878 hoc
1076 812 1160 877 enim
1177 810 1288 898 Logon
1303 804 1449 891 ..JV-²„

131 918 164 975 et
173 912 261 975 Zodn
272 912 472 979 fabricatores
483 914 575 1000 hujus
585 912 772 979 Pleromatis
784 914 892 981 dicunt
901 915 1043 993 emissos,
1053 924 1087 980 et
1097 915 1186 1003 Legi,
1196 916 1228 980 id
1238 925 1288 981 est

133 1012 243 1093 Verbi,
259 1016 383 1100 quidem
397 1017 595 1082 emissionem
608 1018 649 1081 ab
672 1016 834 1083 homiuum
851 1018 1015 1084 affectione
1035 1018 1235 1104 accipientes,
1253 1030 1288 1086 et

132 1117 363 1185 ²addivinantes
376 1120 523 1186 adversus
536 1120 650 1196 Deum,
666 1120 755 1205 quasi
763 1120 881 1206 aliquid
894 1143 1044 1208 magnum
1056 1121 1289 1190 adinvenientes

133 1220 165 1283 in
189 1243 226 1286 eo
252 1222 335 1307 quod
361 1222 480 1300 dicunt,
506 1242 526 1287 a
552 1222 604 1287 Nu
631 1244 701 1288 esse
723 1223 871 1288 emissum
894 1222 1024 1311 Logou:
1054 1226 1136 1311 quod
1163 1225 1289 1311 quidem

133 1346 241 1389 omnes
251 1323 394 1390 videlicet
403 1326 514 1403 sciunt,
530 1325 676 1411 quoniam
689 1326 721 1391 in
736 1327 914 1393 hominibus
928 1328 1053 1413 quidem
1061 1337 1289 1414 cousequenter

133 1427 270 1505 dicatum
287 1429 320 1493 in
333 1450 371 1494 eo
385 1436 490 1494 autem
506 1430 558 1515 qui
573 1430 614 1494 sit
628 1452 721 1516 super
734 1452 844 1496 omnes
858 1431 956 1509 Deus,
971 1440 1057 1496 totus
1073 1432 1143 1497 Nus
1155 1440 1189 1497 et
1202 1441 1290 1497 totus

135 1532 240 1620 Logos
251 1556 322 1599 cunr
336 1533 389 1611 sit,
404 1534 664 1618 quemadmodum
677 1533 888 1620 praediximus,
903 1543 937 1601 et
951 1556 1008 1601 nec
1020 1534 1103 1600 aliud
1117 1535 1288 1620 antiquius,

21 1660 61 1700 ru.
73 1658 115 1697 ru.
132 1658 190 1702 nec
205 1637 369 1723 posterius,
383 1645 439 1703 aut
453 1637 536 1701 aliud
551 1636 698 1701 ³alterius
718 1636 854 1702 habente
868 1637 900 1702 in
915 1660 960 1715 se,
975 1638 1032 1702 sed
1045 1645 1114 1703 toto
1128 1638 1240 1723 aequali
1255 1648 1289 1704 et

132 1740 225 1805 simili
234 1750 266 1806 et
276 1763 338 1805 uno
346 1751 572 1827 perseverante,
579 1742 645 1827 jam
661 1760 723 1805 non
737 1740 811 1805 talis
825 1742 919 1827 hujus
928 1741 1131 1806 ordinationis
1141 1750 1289 1827 sequetur

132 1842 266 1908 emissio.
313 1842 580 1924 Quemadmodum
602 1842 654 1927 qui
669 1843 744 1908 dicit
758 1864 832 1908 eum
846 1851 947 1908 totum
962 1844 1122 1921 visionem,
1137 1852 1170 1909 et
1185 1853 1287 1908 totum

131 1949 283 2028 auditum,
301 1950 348 2035 (in
363 1972 425 2035 quo
439 1958 544 2014 autem
560 1949 653 2026 videt,
670 1949 700 2013 in
716 1950 784 2035 ipso
799 1955 832 2013 et
851 1948 949 2023 audit,
966 1957 999 2013 et
1014 1948 1047 2011 in
1062 1970 1123 2033 quo
1139 1947 1237 2026 audit,
1254 1948 1287 2013 in

133 2053 201 2139 ipso
216 2060 249 2117 et
265 2052 375 2133 videt),
392 2074 454 2116 non
471 2060 599 2138 peccat:
618 2052 664 2121 sic
686 2059 718 2117 et
741 2051 793 2138 qni
814 2051 870 2129 ait,
886 2059 989 2116 totum
1005 2050 1091 2113 illurn
1107 2051 1240 2115 Sensum
1254 2061 1287 2117 et

132 2165 237 2223 totum
254 2156 406 2234 Verbum,
423 2165 455 2222 et
478 2158 510 2219 in
533 2178 594 2240 quo
618 2156 736 2223 Sensus
758 2162 808 2219 est
825 2154 858 2219 in
875 2155 935 2218 hoc
952 2162 983 2218 et
1000 2153 1143 2217 Verbum
1157 2176 1236 2233 esse,
1254 2163 1288 2220 et

135 2262 276 2327 Verbum
291 2284 360 2327 esse
375 2263 444 2348 ejus
458 2261 541 2325 hune
558 2260 643 2338 Nun,
656 2259 779 2323 ⁴minus
794 2257 919 2344 quidem
935 2257 1038 2323 adhuc
1058 2257 1098 2322 de
1115 2260 1211 2323 Patre
1222 2280 1287 2323 om-

132 2366 219 2431 nium
232 2368 364 2441 sentiet;
382 2366 559 2431 decentiora
572 2372 677 2429 autem
693 2364 794 2449 magis
809 2383 903 2447 quam
917 2362 960 2439 hi,
976 2362 1029 2447 qui
1039 2363 1288 2449 ⁶generationem

133 2473 272 2560 prolativi
289 2472 450 2537 homiuum
464 2469 548 2536 verbi
560 2468 770 2533 ltransierunt
786 2467 818 2530 in
836 2465 895 2530 Dei
915 2473 1068 2529 aeteruum
1088 2464 1239 2543 Verbum,
1255 2474 1288 2531 et

132 2576 313 2663 prolationis
338 2574 461 2639 initium
487 2575 640 2640 donantes
666 2580 699 2637 et
723 2570 864 2657 genesin,
891 2568 1152 2653 quemadmodum
1173 2577 1207 2634 et
1229 2591 1288 2634 suo

132 2679 237 2743 verbo.
282 2676 326 2741 Et
348 2677 381 2739 in
403 2698 466 2761 quo
487 2676 616 2740 distabit
643 2674 703 2739 Dei
729 2674 882 2748 Verbum,
903 2670 967 2734 imo
987 2670 1089 2756 magis
1110 2670 1177 2755 ipse
1199 2670 1288 2735 Deus

132 2803 203 2846 cum
218 2782 259 2847 sit
276 2780 427 2858 Verbum,
443 2802 462 2843 a
476 2781 569 2845 verbo
585 2778 754 2855 hominum,
770 2775 797 2839 si
812 2772 943 2839 eandem
958 2772 1101 2838 habuerit
1120 2772 1288 2838 ordinatio·

131 2907 203 2951 nem
218 2894 251 2952 et
264 2885 462 2950 emissionem
477 2880 706 2970 generationis!

197 2995 228 3057 5.
273 2990 485 3054 Peccauerunt
499 2995 604 3052 autem
619 2992 652 3051 et
664 2985 747 3050 circa
762 2984 861 3061 zoen,
876 2982 1015 3049 dieentes
1028 3003 1099 3047 eam
1111 2988 1204 3047 sexto
1217 2978 1288 3045 loco

130 3094 287 3173 emissam,
303 3114 396 3177 quam
411 3091 575 3177 oportebat
590 3087 734 3153 omnibus
749 3106 939 3172 praeponere,
958 3084 1105 3170 quoniam
1120 3082 1209 3148 Deus
1222 3080 1288 3146 vita

130 3206 191 3275 est,
205 3205 238 3261 et
256 3194 473 3281 incorruptela,
490 3202 523 3258 et
543 3192 667 3257 veritas.
714 3190 759 3255 Et
781 3210 845 3253 non
866 3187 1038 3253 secundum
1055 3185 1288 3251 descensionem

131 3309 165 3367 et
179 3322 249 3385 quae
264 3306 338 3364 sunt
353 3297 428 3363 talia
442 3303 629 3382 acceperunt
643 3294 844 3368 emissiones;
860 3292 916 3356 sed
930 3311 1037 3355 earum
1052 3289 1202 3352 virtutum
1217 3306 1288 3370 quae

130 3424 253 3490 semper
266 3410 340 3467 sunt
354 3424 425 3467 cum
441 3400 511 3465 Deo
530 3397 753 3485 appellationes
766 3403 852 3475 suut,
868 3390 1129 3478 quemadmodum
1143 3384 1290 3474 possibile

27 3522 108 3561 ⁶³³⁰·
130 3514 232 3573 estet
254 3506 381 3593 dignum
404 3502 582 3568 hominibus
601 3500 708 3565 audire
722 3507 755 3564 et
769 3498 872 3563 dicere
892 3496 931 3561 de
947 3495 1029 3559 Deo.
1074 3488 1288 3577 Appellationi

130 3610 213 3676 euim
228 3610 289 3675 Dei
307 3606 565 3675 ⁷coobaudientur
579 3624 699 3681 seusus,
710 3610 743 3667 et
754 3601 893 3678 verbum,
903 3607 938 3663 et
945 3597 1019 3675 vita,
1030 3604 1064 3661 et
1072 3591 1288 3679 incorruptela,

178 3779 189 3812 ⁴
205 3778 280 3828 inilia
290 3794 334 3827 cnr.
348 3777 424 3839 ἀρχὰς
435 3776 483 3822 τῶν
494 3772 627 3835 προβολῶν.
783 3766 793 3797 ⁵
810 3765 855 3815 Ad
865 3764 908 3812 tor
918 3761 1039 3811 taretros
1049 3759 1164 3824 quadrat,
1179 3758 1244 3823 quod
1260 3758 1291 3807 de

177 3862 187 3893 ¹
204 3860 273 3921 libro,
287 3858 392 3909 omitted
403 3858 428 3905 iu
439 3857 483 3905 the
494 3854 545 3903 AB.
558 3852 617 3903 MS.
734 3847 793 3897 aliia
810 3846 847 3895 atr
865 3846 977 3907 &menen
994 3843 1061 3893 Pom.
1073 3854 1093 3893 1.
1114 3840 1242 3891 Commeat.
1261 3840 1290 3889 ia

177 3942 449 4003 ’καταμαντευόμενος
469 3954 497 3987 as
513 3937 609 3987 Gaasn
624 3936 684 3983 ima
734 3930 880 3989 nram,
899 3942 944 3990 po.
962 3940 1001 3987 ²4·
1044 3924 1144 3983 οἰόμενοι
1167 3924 1292 3985 προφορὰν

128 4030 206 4093 gines,
218 4026 250 4075 ol.
259 4037 277 4074 1.
288 4024 356 4073 xxiii.
366 4022 530 4082 μαντεύονται.
557 4020 685 4079 Παραμαν-
735 4013 862 4075 rarprrlp,
887 4010 956 4058 clarel
978 4010 1004 4057 ἐν
1025 4007 1161 4068 συλλαβαῖς
1183 4006 1291 4063 κειμένην

127 4110 249 4170 τευόμεααι
275 4105 358 4155 would
384 4104 416 4153 be
443 4117 511 4151 more
538 4096 683 4163 analogical.
736 4088 1041 4142 εἴναιτὸννίὸατοΰθεαῦ.
1077 4086 1181 4135 Garun.

129 4193 224 4243 Tentare
234 4190 264 4239 da
276 4190 327 4239 Deo
338 4186 492 4249 conjicientes,
528 4183 613 4231 Mass.
784 4172 795 4204 ⁸
812 4172 878 4220 Bene
896 4169 1006 4219 odanda
1025 4166 1114 4217 Irrnoer'
1129 4164 1246 4215 aemio
1261 4164 1292 4213 de

178 4272 189 4305 ⁸
206 4273 301 4322 Garun
312 4270 367 4317 first
377 4264 486 4315 restored
498 4262 597 4311 alteriue
604 4262 630 4308 in
641 4260 685 4309 the
735 4253 864 4303 eternitate
873 4250 937 4301 Filii
945 4251 1001 4309 Dei,
1015 4248 1112 4297 nullum
1122 4246 1231 4296 habeatis
1240 4244 1290 4293 ini·

128 4354 199 4420 place
210 4353 239 4401 ol
248 4349 364 4409 anterius,
379 4348 428 4397 and
440 4346 483 4394 the
494 4340 685 4392 emendationis
733 4336 803 4395 tium,
817 4351 829 4383 ε
845 4332 964 4382 diametro
975 4330 1129 4380 Artemonem
1145 4326 1230 4377 hau-eri
1245 4324 1290 4375 od·

128 4434 263 4487 confirmed
285 4434 319 4497 by
342 4432 386 4480 the
414 4429 515 4477 Cunna.
539 4424 597 4473 MS.
631 4422 685 4472 Tha
734 4434 809 4467 mro.
844 4416 948 4465 Gaasr.

128 4519 212 4569 Greek
226 4532 285 4581 may
296 4516 360 4563 have
370 4513 440 4571 been,
455 4510 545 4569 οῖᾱλλα
558 4524 582 4554 τι
593 4506 682 4567 ἐτέρου.
783 4498 794 4533 ⁷
811 4496 1006 4555 medianam,
1030 4492 1218 4554 συμφωνήσωσι
1239 4504 1292 4539 m

177 4598 188 4631 ⁴
205 4598 287 4647 minare
297 4587 582 4659 quiden...deoentrbra
593 4592 684 4641 cidem
734 4580 857 4648 probably
871 4580 899 4628 iu
914 4579 959 4628 the
974 4575 1086 4641 original,
1105 4574 1128 4623 if
1141 4590 1178 4635 ao,
1196 4586 1291 4622 comen·

129 4682 202 4742 ἦττον
218 4681 301 4740 μὲν...
311 4674 501 4737 εὐπρεπέστερον
517 4670 550 4717 δέ.
732 4664 791 4715 liant
801 4662 886 4712 would
901 4662 966 4711 have
976 4660 1039 4709 bean
1056 4658 1144 4707 better.
