3225 5184
337 393 405 460 332
751 407 831 462 NON
853 405 953 462 ΤῩΡΟ
979 404 1070 460 FUIT

195 586 300 678 gripu&
338 580 565 660 consequenter
593 573 707 640 dicitur
734 573 775 651 ei,
798 572 852 660 qui
876 574 945 659 jam
970 594 1016 636 xn
1044 591 1145 637 annos
1170 570 1315 650 exoessit
1347 569 1511 657 quiflqffi'

185 679 309 770 {bg-1¹1}
338 675 492 763 gesimum
520 684 626 743 autem
651 697 767 742 annum
791 676 929 742 nondum
955 675 1073 764 attigit,
1098 697 1163 742 non
1187 683 1294 740 tamen
1315 673 1512 738 multuma

172 775 323 866 Q
337 778 593 868 quinquagesimo
622 803 706 846 anno
726 781 863 848 absistit.
906 781 948 845 Ei
974 789 1081 845 autem
1102 779 1156 866 qui
1176 779 1220 844 sit
1241 801 1308 842 xxx
1329 797 1510 850 annorum,

337 881 492 947 diceretur
512 883 639 971 utique:
664 883 881 974 Quadraginta
901 905 1054 948 annorum
1074 883 1212 947 nondum
1233 903 1279 946 es.
1324 879 1401 962 Qui
1424 876 1510 942 enim

335 985 483 1050 volebant
501 1007 574 1051 eum
593 986 775 1052 mendacem
790 987 965 1064 ostendere,
987 1007 1051 1050 non
1064 986 1173 1071 utique
1187 985 1220 1049 in
1235 983 1375 1048 multum
1393 989 1510 1046 exten-

335 1089 445 1154 derent
459 1110 559 1155 annos
573 1089 654 1154 nitra
668 1097 805 1168 estatem,
825 1111 919 1177 qnam
940 1109 1011 1154 eam
1031 1088 1147 1152 hebere
1160 1087 1426 1173 conspiciebant:
1452 1081 1509 1147 sed

335 1191 477 1276 proxima
507 1183 614 1258 'statis
647 1193 803 1271 dicebant,
833 1193 900 1258 sive
926 1213 998 1257 vere
1025 1190 1162 1256 scientes
1194 1212 1234 1256 ex
1262 1186 1509 1274 conscriptione

335 1315 457 1372 census,
473 1294 538 1359 sive
553 1294 756 1380 conjicientes
770 1295 942 1361 secundum
956 1303 1095 1373 oetstsm,
1111 1315 1205 1381 quam
1219 1293 1372 1358 videbant
1384 1291 1508 1355 habere

334 1419 406 1463 eum
428 1419 522 1484 super
543 1397 769 1486 quadraginta3
794 1398 850 1463 sed
864 1406 978 1463 utnon
992 1403 1158 1484 quaeesset
1178 1394 1310 1482 triginta
1329 1413 1505 1458 annornm.

336 1500 554 1568 irrationabile
574 1511 624 1566 est
641 1501 725 1567 enirn
739 1501 867 1568 omuino
882 1500 992 1588 viginti
1013 1521 1114 1565 annos
1134 1498 1260 1564 mentiri
1272 1519 1339 1577 eos,
1355 1497 1505 1562 volentes

333 1627 406 1670 eurn
423 1605 580 1691 juniorem
603 1606 766 1671 ostendere
788 1605 980 1690 temporibus
995 1605 1144 1670 Abrshse.
1183 1603 1274 1685 Quod
1288 1609 1403 1668 autem
1419 1600 1505 1665 vide-

333 1709 421 1787 bant,
433 1708 493 1800 hoe
507 1717 541 1775 et
552 1708 774 1798 loquebantur:
792 1709 845 1796 qui
859 1717 967 1774 autem
980 1708 1153 1785 videbatur,
1166 1729 1229 1772 non
1243 1715 1312 1771 erat
1321 1704 1501 1792 putativus,

333 1811 530 1877 sedveritus.
577 1812 651 1877 Non
671 1835 747 1902 ergo
769 1813 904 1877 muitum
925 1813 1035 1876 aberat
1048 1833 1068 1876 a
1082 1810 1308 1900 quinquaginta
1324 1809 1447 1874 annis:
1471 1814 1502 1870 et

333 1914 404 1979 ideo
423 1915 569 1980 dicebant
590 1917 630 1993 ei,
656 1915 889 2002 Quisquupiutu
911 1937 1063 1979 ouuomm
1083 1915 1218 1979 noudum
1233 1935 1272 1991 es,
1287 1924 1317 1977 st
1330 1912 1500 1976 Abrabam
1573 1924 1574 1985 1

334 2017 469 2083 vidisti?
516 2018 588 2082 Non
610 2039 686 2104 ergo
708 2039 790 2083 anno
812 2039 876 2083 uno
897 2017 1087 2110 praedicavit,
1110 2039 1168 2083 nee
1186 2016 1371 2082 duodecimo
1390 2035 1501 2080 mense
1573 2004 1574 2009 ¹

334 2125 409 2190 anni
428 2147 538 2209 passus
560 2133 621 2190 est.
661 2125 799 2212 Tempus
817 2127 900 2191 enirn
922 2147 942 2190 a
963 2124 1125 2212 trigesimo
1139 2147 1221 2189 enno
1235 2146 1334 2210 usque
1349 2123 1395 2188 ad
1410 2122 1498 2209 qnin-

335 2227 550 2313 quagesimum
565 2249 723 2315 nunquam
734 2229 794 2292 erit
809 2251 890 2294 unus
903 2251 1014 2307 annus,
1029 2228 1131 2293 nisisi
1146 2226 1228 2313 apud
1244 2228 1370 2292 AEones
1387 2245 1497 2291 eorum
1573 2290 1574 2299 ,

334 2337 401 2394 tam
423 2329 530 2417 magni
549 2330 623 2394 anni
645 2337 719 2394 sunt
741 2331 883 2416 deputati
905 2330 965 2410 his,
988 2329 1040 2417 qui
1060 2330 1143 2416 apud
1165 2329 1306 2415 Bytbum
1326 2327 1360 2392 in
1386 2328 1494 2392 Piero

334 2440 420 2499 mate
437 2455 478 2497 ex
493 2431 600 2497 ordine
621 2430 768 2511 resident,
789 2433 829 2496 de
850 2432 964 2520 quibus
987 2440 1019 2496 et
1045 2431 1205 2496 Homerus
1225 2431 1327 2495 Poeta
1349 2429 1445 2507 dixit,
1464 2435 1494 2492 et

335 2537 403 2624 ipse
417 2535 620 2623 inspiratusa
637 2535 743 2600 Matre
758 2557 866 2601 eorum
885 2535 1016 2600 erroris:
1042 2547 1074 2599 ot
1094 2545 1124 2599 tt
1146 2545 1201 2600 emt
1214 2543 1267 2615 πὰρ
1282 2544 1342 2613 zpt
1356 2541 1493 2614 καθήμενα

334 2651 484 2724 ἠγορόωντο
498 2648 609 2724 Χρνσέῳ
625 2649 652 2703 ἐν
667 2649 780 2724 δαπέδῳ.
812 2638 920 2724 (Quod
937 2638 1051 2703 Latine
1064 2638 1111 2703 iia
1123 2637 1419 2724 interpretabimur:
1439 2633 1493 2700 Dit

334 2754 437 2812 cutem
450 2743 541 2833 opuud
551 2744 660 2809 Jouem
674 2743 857 2809 succidentes
870 2741 1047 2808 tractabunt
1060 2742 1096 2807 iu
1110 2763 1205 2807 aureo
1220 2741 1309 2824 loco.)

759 2964 861 3032 OAP.
886 2962 1065 3031 XXXIV.

341 3083 344 3088 ‘
374 3085 561 3180 Quomodo
587 3083 787 3161 destruitur
815 3085 1019 3185 quiestote
1044 3085 1207 3162 uumerus
1231 3085 1400 3186 ipsorum
1425 3101 1456 3162 et

731 3204 938 3280 comunibus
961 3232 1089 3281 sermo.

404 3352 433 3414 l.
479 3347 547 3412 San
569 3354 603 3412 et
621 3345 660 3410 de
677 3345 730 3410 illa
751 3343 889 3422 muliere,
908 3365 979 3431 quae
992 3345 1142 3430 profluvio
1159 3344 1321 3432 sanguinis
1334 3345 1487 3420 laborans,

335 3452 442 3540 tetigit
467 3449 622 3515 fimbriam
648 3447 826 3514 vestimenti
854 3447 993 3528 Domini,
1019 3456 1053 3514 et
1077 3456 1190 3513 sanata
1216 3456 1275 3530 est,
1305 3459 1416 3536 aperta
1443 3455 1487 3514 est

335 3577 444 3622 eorum
465 3551 660 3641 ignorantia:
686 3551 811 3639 (dicunt
834 3550 918 3616 enim
940 3572 997 3636 per
1021 3573 1091 3616 eam
1114 3552 1238 3617 ostendi
1258 3574 1384 3638 passam
1406 3554 1488 3619 iiiam

335 3658 550 3725 duodecimam
564 3655 721 3733 virtutem,
740 3663 773 3720 et
795 3654 829 3718 in
849 3655 1006 3719 infinitrun
1020 3655 1187 3733 defluxum,
1209 3656 1241 3721 id
1263 3665 1323 3736 est,
1345 3657 1486 3724 duodeci-

336 3781 422 3828 mum
445 3759 602 3841 AEonem)
628 3757 763 3842 primum
788 3756 923 3844 quidem,
949 3757 1023 3843 quia
1047 3759 1218 3824 secundum
1240 3769 1360 3826 sectam
1383 3781 1487 3827 eorum

336 3863 537 3930 duodecimus
550 3882 613 3925 non
633 3868 683 3925 est
699 3859 759 3924 iste
774 3860 877 3938 AEon,
897 3860 979 3925 sicut
999 3862 1203 3928 ostendimus.
1250 3863 1300 3929 Ut
1322 3872 1429 3930 autem
1450 3879 1550 3930 erum

334 3967 490 4054 superfluo
505 3964 551 4030 eis
565 3971 598 4030 et
612 3963 672 4028 hoc
686 3963 787 4041 detur,
802 3962 967 4028 duodecim
978 3965 1140 4030 AEonibus
1151 3966 1384 4046 exsistentibus,
1393 3969 1486 4034 unde

335 4072 396 4138 eim
412 4069 537 4158 quidem
553 4066 759 4154 impassibiles
770 4087 984 4153 perseverasse
998 4066 1154 4146 dicuntur,
1170 4069 1372 4136 duodecimus
1384 4079 1487 4136 antem

334 4196 463 4262 passus:
488 4171 598 4237 mulier
610 4179 717 4236 autem
732 4191 749 4234 e
764 4169 920 4235 contrario
941 4170 1125 4236 duodecimo
1146 4194 1229 4237 anno
1250 4183 1372 4253 sanato,
1390 4176 1487 4238 mani-

333 4279 449 4343 festum
467 4284 517 4341 est
538 4274 685 4363 quoniam
699 4273 846 4338 undecim
868 4271 994 4359 quidem
1012 4274 1103 4339 annis
1118 4275 1228 4340 babuit
1241 4284 1486 4362 perseverantem

333 4381 520 4468 passionem,
552 4377 734 4442 duodecimo
763 4384 870 4440 antem
899 4384 1011 4440 sanata
1042 4381 1101 4441 est.
1157 4377 1318 4465 Siquidem
1345 4378 1487 4444 undecim

334 4484 460 4548 AEones
481 4481 514 4544 in
536 4479 680 4567 passione
701 4479 865 4543 insanabili
887 4479 984 4544 fnisse
1011 4479 1198 4559 dicerentur,
1228 4490 1359 4547 sanatus
1383 4491 1486 4546 autem
1573 4506 1574 4511 ¹

333 4583 544 4664 duodecimus,
559 4583 734 4649 suasorium
756 4591 824 4649 erat
845 4581 948 4649 dicere
970 4590 1079 4670 typum
1101 4605 1209 4649 eorum
1230 4606 1300 4652 esse
1318 4586 1484 4653 mulierem.
