3225 5184
502 412 773 465 nscnrrrunrs
801 413 962 465 amara,
1246 400 1310 467 175

154 578 299 674 πρῶτον,
327 572 380 643 καί
401 570 454 643 διὰ
473 569 597 659 Auditi,
622 573 682 644 ὅτε
704 573 759 643 ἐπὶ
788 572 972 672 τριοῖκοντα
995 575 1127 674 ἡμέραις
1149 576 1475 673 &optumam-111³-

1329 642 1468 681 Olbiam&

155 692 187 759 έν
201 695 251 776 τῷ
269 686 373 785 duod,
388 686 441 755 καί
463 684 515 755 διὰ
530 690 597 755 τῶν
617 688 896 758 συνεισελθύυτων
916 689 1009 777 αύτῷ
1022 690 1065 763 εἷς
1081 685 1125 758 τὸ
1143 692 1312 770 σπήλαιον
1348 688 1450 774 {ff

158 802 207 901 (d.
227 799 385 898 Ἰσραηλ)
412 798 466 869 καί
488 796 539 867 dmi
561 801 610 891 (d.
634 802 757 893 τοῦτο)
779 796 822 869 τὸ
842 806 943 882 μῆκος
963 801 1115 893 γίνεσθαι
1134 803 1193 883 τῆς
1211 802 1313 892 ιίγίας
1327 818 1475 828 ‘—

157 919 272 996 σκηνῆς
290 910 474 1012 τριάκοντα
495 915 620 1006 πηχῶν·
654 913 707 981 καί
728 912 757 981 εἴ
772 943 846 983 τινα
871 911 962 983 ἄλλα
985 914 1149 1012 ἰσάριθμα
1178 916 1313 990 τούτοις

158 1027 370 1126 ἐύρίσκουση
398 1024 459 1106 τὴν
488 1022 713 1122 τριακοντιίύα
745 1026 851 1096 αύτῶν
878 1024 930 1096 διὰ
960 1030 1025 1096 τῶν
1053 1028 1214 1098 τοιούτων
1242 1028 1314 1098 έπι-

159 1139 309 1210 δεικνύναι
338 1142 607 1236 φιλεριστοῦσιυ.

646 1367 740 1465 Κεφ.
760 1365 819 1454 ιβ’.

160 1522 478 1615 Quemadmodum
499 1522 722 1621 bacconicam
749 1520 916 1595 coraibus
939 1521 1113 1597 traducere
1136 1536 1314 1597 conemur

649 1639 815 1712 Putre-m.

227 1796 722 1888 ἈΝΑΓΚΑΙΟΝὴγησύμην
735 1799 930 1894 προσθεῖναι
942 1795 1140 1872 τούτοιςκαῖ
1153 1797 1220 1866 ὅσα
1235 1796 1312 1894 περὶ

160 1916 223 1982 τού
242 1910 475 2009 Προπάτορος
495 1911 608 1993 αύτῶν,
629 1909 663 1985 ὃς
681 1908 856 2000 ἄγνωστος
881 1906 917 1989 ἦν
943 1917 1015 1984 τοῖς
1040 1911 1126 1978 πᾶσι
1155 1907 1224 2007 πρὸ
1253 1915 1313 1992 τῆς

160 2028 223 2093 τοῦ
253 2023 412 2122 Χριστοῦ
442 2022 634 2121 παρουσίας,
662 2022 856 2112 ἐκλέγοντες
882 2022 915 2090 ἔκ
939 2026 1005 2092 τῶν
1028 2026 1172 2119 γραφῶν
1189 2022 1313 2093 πείθειν

161 2136 392 2235 ἐπιχειροῦσιν,
410 2137 448 2206 ἵν’
463 2133 647 2229 &radelgem
666 2132 727 2206 τὸν
745 2134 870 2231 Κύριον
888 2137 974 2215 ημῶν
993 2132 1101 2204 ἄλλον
1117 2136 1314 2226 καταγγέλ-

160 2257 267 2320 λοντα
288 2248 432 2346 Πατέρα
450 2245 542 2347 παρὰ
558 2246 620 2319 τὸν
635 2249 775 2330 ποιητήν
794 2245 893 2318 τοῦδε
909 2252 972 2318 τοῦ
990 2247 1125 2323 παντός·
1149 2247 1195 2330 ὃν,
1208 2247 1313 2324 καθὼς

160 2363 366 2460 προέφαμεν,
397 2361 605 2448 ἀσεβοῦντες,
634 2362 863 2458 ὑστερήματος
889 2358 1017 2457 καρπὸν
1052 2358 1130 2431 εἶναι
1160 2361 1312 2451 λέγουσι.

161 2473 233 2545 Τὸν
260 2479 340 2565 γοῦν
368 2478 548 2571 προφήτην
579 2470 727 2542 Ἠσαίαν
762 2470 909 2543 εἰπόντα·
952 2472 1092 2569 Ἰσραὴλ
1119 2470 1154 2541 de'
1184 2504 1226 2555 με
1258 2474 1313 2543 ούκ

160 2588 253 2678 ἔγνω,
282 2586 335 2656 καί
362 2589 380 2656 ὁ
410 2585 492 2662 λαός
525 2618 567 2669 με
599 2586 635 2655 ού
667 2591 790 2668 συνῆκε,
822 2585 883 2666 την
917 2589 980 2655 τού
1016 2583 1165 2682 ἀοράτου
1200 2584 1314 2657 Becco

161 2698 329 2790 ιἰγνωσίαν
341 2700 494 2797 εἰρηκέναι
510 2694 771 2798 μεθορμύζουσι.
809 2695 879 2765 Kal
899 2693 951 2766 dui
967 2695 1066 2778 Ὠσηὲ
1079 2695 1122 2767 τύ
1139 2697 1313 2795 εἰρημένον·

162 2929 239 2996 Saul
242 2978 329 3005 ......
336 2928 389 3014 qui
406 2928 543 3015 triginta
566 2928 677 2993 diebus
700 2928 957 2994 abscondebatur
974 2927 1006 2991 in
1027 2948 1115 3013 egro,
1134 2933 1168 2991 et
1185 2948 1244 3011 per
1260 2949 1313 2992 eos
1326 2943 1472 3029 ffimrigg-g-

161 3032 214 3117 qui
232 3053 304 3095 cnm
321 3052 359 3094 eo
376 3029 576 3093 intraverunt
594 3028 627 3092 in
644 3028 835 3114 speluncam,
853 3035 886 3093 et
904 3034 1037 3114 propter
1058 3027 1091 3090 id
1114 3028 1198 3112 quod
1213 3027 1313 3114 longi-
1325 3047 1468 3134 beffiae

161 3131 241 3197 tudo
258 3128 354 3195 luerit
370 3127 473 3194 sancti
491 3128 687 3193 tabernaculi
705 3126 842 3215 triginta
858 3127 1048 3193 cubitorum.
1096 3126 1143 3193 Et
1167 3148 1314 3210 quaecun-
1327 3143 1458 3227 {imm

162 3253 223 3317 que
237 3230 299 3295 alia
315 3228 449 3315 aequalia
465 3228 604 3292 numeris
620 3228 668 3292 his
687 3227 915 3302 ¹inveniuntur,
930 3225 1162 3291 triacontadem
1174 3226 1314 3311 ipsorum
1326 3236 1344 3273 t

160 3354 218 3417 per
233 3329 412 3416 hujusmodi
429 3328 604 3395 ostendunt
621 3328 879 3393 asseverationes.

633 3512 734 3578 GAP.
763 3511 849 3577 XII.

235 3650 452 3717 Nuceseamuu
468 3657 576 3718 autem
595 3646 673 3713 duxi
690 3646 809 3711 addere
826 3644 874 3722 iis,
889 3650 922 3710 et
941 3651 1062 3729 quanta
1077 3644 1117 3710 de
1136 3643 1315 3731 Propatore

82 3765 88 3785 ‘
160 3752 310 3835 ipsorum,
334 3752 387 3835 qui
414 3752 593 3838 incognitus
621 3754 692 3812 erat
715 3746 861 3811 omuibus
884 3755 961 3810 ante
986 3746 1159 3810 adventurn
1184 3746 1313 3824 Christi,

162 3847 314 3933 eligentes
332 3851 371 3913 de
390 3850 561 3936 Scripturis
575 3848 710 3915 suadere
728 3846 936 3919 contendunt,
954 3854 992 3910 ut
1011 3846 1184 3910 ostendant
1203 3846 1313 3911 Domi-

161 3968 237 4011 num
254 3956 398 4011 nostrum
417 3950 554 4015 alterum
572 3946 768 4014 annunciare
787 3945 920 4010 Patrem
943 3952 1065 4029 proeter
1087 3944 1314 4010 fabricatorem

159 4046 255 4132 hujus
283 4046 519 4115 universitatis:
554 4072 649 4135 quem
681 4046 776 4131 (sicut
801 4044 1023 4130 praediximus)
1048 4044 1145 4129 impie
1169 4044 1313 4129 blesphe

161 4154 294 4220 mantes,
315 4145 414 4211 Labis
436 4148 574 4213 fructum
600 4169 668 4213 esse
689 4147 811 4211 dicunt.
853 4144 1050 4229 Prophetam
1069 4144 1169 4229 igitur
1187 4144 1313 4209 Esaiam

160 4247 339 4322 dicentem
369 4248 475 4312 Israel
497 4268 543 4311 me
569 4256 669 4312 autem
695 4245 923 4330 nanceyacum,
958 4254 987 4309 ct
1012 4246 1147 4329 populas
1176 4264 1223 4308 me
1254 4264 1422 4309 neamus

160 4348 320 4423 intellexit,
339 4346 501 4412 invisibills
521 4346 620 4435 Bythi
636 4346 851 4433 ignorantiam
869 4344 986 4409 dixisse
1001 4352 1164 4430 coaptant.
1217 4343 1263 4410 Et
1280 4344 1314 4409 in

204 4540 254 4589 ¹1t
264 4540 346 4589 would
362 4554 428 4589 seem
439 4538 495 4588 that
508 4538 652 4600 εὑρίσκοντες
663 4553 714 4587 was
764 4538 914 4600 εὑρίσκοντα
931 4538 1019 4601 bytho
1033 4537 1175 4598 translator,
1192 4536 1242 4586 and
1256 4538 1314 4600 εύρί-

161 4622 260 4671 wrltten
278 4638 295 4671 α
312 4620 399 4685 prima
415 4635 498 4679 νιαιιυ,
517 4620 564 4668 but
583 4634 633 4667 was
655 4618 713 4667 read
765 4620 1116 4683 excocabythetrsnscriber.
