3225 5184
287 372 358 439 232
735 382 968 438 nemranuu

148 563 251 657 „³332
288 544 421 625 ἄλλους’
445 546 530 646 πρὸς
561 546 624 619 rdu
659 550 840 645 πρῶτον..
857 545 942 618 ,τόν
976 542 1011 616 δὲ
1046 544 1274 629 ἆθυμῆσαντα,
1305 546 1348 621 εἷς
1382 543 1447 625 τὴν

124 656 275 745 offlfflf'·
289 657 400 759 τρῦγα
429 664 489 743 τῆς
516 655 593 743 ὕλης
619 661 765 759 ἕρεΐσθαι
797 654 856 765 [f.
873 665 894 730 l.
924 651 1128 763 ἐρείδεσθαι]
1148 658 1210 741 τὴν
1237 657 1369 740 ἔννοιαν,
1388 656 1445 725 καὶ

159 753 237 789 xxxo
373 779 389 797 „
495 772 522 799 μ
645 775 678 810 1’
735 773 743 799 ,
926 773 935 796 ,
1024 772 1078 797 ,μ
1421 768 1430 795 ,

128 828 276 838 ---
291 800 444 865 ’γεννησαι
472 803 541 843 υιαν
558 826 568 843 .
588 826 626 843 ..
659 778 882 872 οφιαμορφον
918 770 957 866 αξ
994 803 1119 855 curor.
1140 824 1179 840 ..
1204 767 1278 842 εἶτα
1317 800 1447 864 καυχω-

289 916 439 970 μενον...
454 888 563 970 εἰπεῖν,
587 884 685 977 Ἐγὼ
711 885 795 963 θεὸς
818 887 872 956 καὶ
904 882 1040 982 Πατὴρ,
1068 884 1122 955 xci
1145 882 1227 982 ὑπὲρ
1249 880 1307 965 ἐμὲ
1333 880 1444 957 eddela.

290 999 362 1081 Τὴν
387 996 422 1069 di
442 1000 571 1097 μητέρα
596 996 849 1098 δυσχεράνασαν
873 998 1056 1085 ἔπιβαῆσαι
1089 998 1187 1086 αὐτῷ,
1213 994 1275 1077 Μὴ
1305 990 1444 1087 ψεύδου·

289 1112 364 1183 ἔστι
407 1108 476 1209 γὰρ
511 1108 594 1211 ὑπὲρ
634 1110 675 1181 σὲ
712 1111 838 1212 Πατὴρ
872 1112 1038 1195 ἁπάντων,
1077 1114 1212 1210 πρῶτος
1241 1104 1447 1209 Ἀνθρωπος

289 1370 363 1415 eum
379 1370 546 1413 conversos
562 1371 631 1415 esse
647 1349 728 1414 filios
749 1348 817 1436 ejus
837 1350 879 1415 de
896 1348 1098 1436 principatu:
1122 1351 1255 1435 propter
1275 1366 1346 1432 qna·
1371 1363 1446 1409 con-

288 1449 457 1514 tristatum
477 1448 679 1525 laldebaoth,
698 1455 731 1515 et
752 1450 984 1536 desperantem,
1003 1448 1202 1535 conspexisse
1227 1447 1260 1511 in
1280 1446 1446 1531 subjacen-

289 1555 357 1615 tem
382 1549 492 1613 faecem
517 1549 671 1626 materiae,
693 1556 727 1614 et
753 1549 962 1615 consolidasse
987 1547 1275 1636 consupiscentiam
1297 1567 1386 1611 suam
1411 1543 1445 1608 in
1458 1564 1488 1604 re
1501 1566 1526 1603 u

289 1670 369 1721 eam,
388 1648 473 1713 unde
490 1657 602 1714 natum
619 1648 719 1714 filium
736 1648 857 1715 dicunt.
909 1649 1007 1714 Hunc
1029 1657 1139 1715 autem
1156 1648 1259 1734 ipsum
1283 1668 1351 1711 esse
1368 1644 1446 1709 Nun

288 1747 444 1835 infigura
463 1748 636 1835 ¹eerpentis
653 1758 848 1826 contortum,
867 1748 982 1814 dehinc
1002 1757 1037 1815 et
1059 1749 1224 1836 Spiritum,
1243 1754 1277 1812 et
1294 1745 1445 1822 animam,

289 1857 324 1914 et
349 1848 457 1913 omnia
483 1848 674 1914 mundialia:
709 1851 785 1915 inde
810 1855 999 1937 generatam
1026 1870 1154 1915 omnem
1182 1846 1382 1921 oblivionem,
1410 1854 1447 1910 et

289 1947 456 2025 malitiam,
485 1954 519 2013 et
546 1948 657 2024 zelum,
685 1956 719 2015 et
752 1948 914 2024 invidiam,
941 1956 977 2013 et
1008 1955 1157 2014 mortem,
1205 1947 1304 2011 Hunc
1334 1953 1446 2011 autem

288 2045 566 2132 serpentilormem
580 2054 615 2113 et
637 2056 822 2114 contortum
836 2048 913 2114 Nun
929 2068 1040 2113 eorum
1056 2048 1160 2114 adhuc
1176 2046 1278 2134 magis
1294 2046 1447 2111 evertisse

290 2146 424 2211 Patrem
442 2146 554 2212 dicunt
573 2149 791 2223 tortuositate,
815 2171 888 2214 cum
913 2157 998 2214 esset
1021 2171 1094 2214 cum
1119 2147 1221 2214 Patre
1246 2146 1388 2233 ipsorum
1411 2144 1447 2210 in

290 2244 371 2310 eoelo
388 2253 422 2311 et
439 2246 472 2311 in
489 2246 647 2332 paradiso.
700 2247 799 2313 Unde
816 2249 1016 2313 exultantem
1033 2248 1225 2314 laldabaoth
1245 2246 1280 2311 in
1300 2245 1447 2311 omnibus

290 2344 339 2409 his
355 2366 426 2431 quta
443 2344 502 2410 sub
520 2369 558 2411 eo
575 2352 681 2411 essent
695 2347 877 2435 gloriatum,
896 2356 930 2414 et
948 2348 1084 2415 dixisse:
1101 2349 1170 2433 Epo
1187 2350 1290 2414 Pater
1305 2354 1334 2411 et
1349 2344 1446 2423 Deae,

290 2454 320 2510 et
335 2466 425 2531 super
441 2468 487 2511 me
502 2467 595 2513 mmo.
624 2447 840 2513 'Audientem
857 2456 968 2514 autem
983 2456 1121 2514 matrem
1133 2448 1286 2513 ahmane
1296 2446 1447 2511 adversus

290 2568 385 2621 eum3
413 2545 493 2611 Noli
515 2546 650 2622 mentiri,
671 2548 881 2614 Ialdebaott:
905 2558 948 2613 eet
963 2549 1045 2613 euim
1060 2571 1152 2635 super
1167 2556 1195 2613 te
1202 2558 1298 2635 poter
1311 2544 1447 2610 omnium

282 2646 410 2732 primus
438 2648 625 2732 Anthropue
652 2656 680 2712 et
708 2648 886 2739 Aeatrcpue
905 2649 994 2733 filice
1018 2648 1186 2735 Anthropi.
1234 2644 1446 2714 conturbatis

290 2754 399 2811 autem
424 2748 570 2812 omnibns
592 2748 635 2812 ad
660 2770 775 2813 novam
800 2771 919 2822 vocem,
937 2754 972 2813 et
996 2748 1181 2835 inopinabili
1199 2745 1446 2832 nuncupatione,

290 2852 325 2911 et
342 2847 557 2932 quaerentibua
573 2848 658 2912 unde
675 2847 804 2923 clamor,
822 2848 866 2914 ad
884 2848 1063 2914 avocandos
1085 2870 1151 2924 eos,
1170 2854 1204 2912 et
1229 2847 1271 2913 ad
1293 2868 1329 2912 se
1352 2846 1447 2909 sedn-

126 2968 241 3008 naneae
290 2946 434 3021 cendum,
453 2945 570 3011 dixisse
589 2945 782 3012 Ialdabaoth
796 2946 926 3013 dicunt:
950 2948 1050 3013 Venite
1057 2949 1223 3034 faciemus
1238 2948 1385 3012 homiuem
1401 2946 1449 3011 cd

289 3044 457 3131 imcpiuem
481 3055 625 3112 marom.
678 3045 744 3112 Sex
767 3056 878 3113 antem
893 3046 1030 3113 virtutes
1051 3047 1219 3114 audientes
1238 3048 1318 3122 boec,
1340 3052 1447 3111 matre

289 3144 389 3210 dante
406 3146 467 3210 illis
485 3146 754 3233 excogitationem
771 3146 916 3222 hominis,
933 3147 984 3213 uti
1009 3170 1067 3234 per
1091 3171 1165 3213 eum
1190 3155 1323 3213 evacuet
1346 3167 1402 3210 eos
1425 3168 1449 3211 a

289 3244 455 3332 principali
467 3244 596 3321 virtute,
608 3246 832 3312 convenientes
844 3246 1063 3312 formaverunt
1079 3248 1241 3312 hominem
1258 3246 1448 3311 immensum

289 3342 461 3410 latitudine
478 3348 529 3410 'et
546 3346 763 3432 longitudine:
785 3347 981 3412 ⁴scarizante
997 3354 1106 3413 antem
1121 3368 1160 3413 eo
1176 3354 1315 3421 tantum,
1329 3346 1449 3411 adrex-

290 3452 386 3509 erunt
415 3468 489 3511 eum
515 3446 603 3530 patri
632 3468 700 3524 sno,
731 3453 765 3512 et
793 3447 854 3512 hoc
884 3446 1006 3534 Sophia
1035 3454 1191 3534 operante
1220 3447 1271 3513 nti
1300 3453 1336 3512 et
1357 3444 1448 3510 illum

339 3656 349 3690 ¹
367 3658 455 3709 Hence
471 3661 515 3710 tho
529 3662 680 3726 appellation
697 3664 726 3714 ol
739 3663 845 3730 Ophites
895 3666 996 3716 orm.
1013 3665 1071 3717 MS.
1104 3666 1165 3715 'l'his
1183 3666 1270 3715 notion
1286 3666 1308 3715 is
1323 3664 1377 3715 also
1393 3664 1450 3713 bor·

291 3756 342 3789 war
358 3742 458 3806 applied
473 3747 502 3791 to
516 3743 566 3791 this
579 3744 697 3794 heretical
711 3752 771 3796 sect.
797 3746 845 3797 See
894 3748 977 3798 mwed
986 3749 1051 3798 from
1063 3748 1108 3797 the
1122 3748 1270 3798 Rabbinical
1283 3749 1413 3809 ληρήματα
1423 3746 1454 3794 os

290 3822 335 3871 the
350 3822 458 3872 bibulus
474 3823 565 3873 affixed
582 3829 609 3874 to
626 3826 669 3877 the
688 3827 845 3893 Proeaen'ptio
893 3830 938 3879 the
950 3830 1028 3881 Jews.
1062 3831 1116 3879 'l'he
1130 3830 1246 3893 l'almud,
1257 3831 1299 3881 Tr.
1315 3829 1403 3888 o'll'll't,
1416 3845 1451 3878 an

290 3903 320 3952 ot
327 3902 506 3955 Taurumue.
535 3904 576 3955 se
587 3922 686 3957 aureum
697 3909 845 3960 Ieldodaott
894 3912 985 3961 almost
1018 3916 1258 3977 contemporaneum
1290 3913 1448 3978 productior,

290 3982 364 4034 ictum
375 3984 403 4033 io
416 3985 609 4049 iedipuate'eeem
623 4004 759 4041 concauam
772 4008 800 4042 ee
810 4009 844 4043 ae·
894 4008 960 4057 says,
978 4007 1011 4041 on
1027 3994 1071 4041 the
1083 3992 1214 4057 authority
1228 3993 1257 4042 ot
1268 3993 1301 4043 R.
1320 3992 1447 4052 Rama,

290 4064 387 4130 mamae
397 4066 501 4118 edidieec
511 4068 845 4133 neccommittam
894 4076 951 4124 that
961 4075 1054 4135 Adam,
1068 4076 1140 4125 when
1150 4075 1257 4137 created,
1269 4076 1374 4125 reached
1383 4076 1450 4125 stom

289 4150 411 4213 repudia,
421 4152 757 4217 etdouesuieeeuietutcmin
763 4156 845 4206 Pera·
894 4158 1049 4207 carthtotlre
1059 4159 1243 4208 firmamentol
1249 4158 1353 4209 heaven.
1386 4158 1450 4209 Ὃκ

290 4230 351 4292 ceo,
366 4232 409 4283 ae.
427 4250 448 4282 ο.
462 4245 502 4296 ⁴7·
895 4239 933 4297 uu
948 4241 1028 4308 paee
1047 4240 1079 4304 to
1099 4241 1206 4306 'iuuari
1224 4239 1286 4292 ota
1307 4210 1403 4298 ais
1419 4238 1451 4290 'a

338 4311 844 4382 ¹rnmnonemtheinnetaaee·
893 4295 1450 4385 upotwmeesumnmnanmu

289 4401 395 4443 mutem.
893 4405 985 4469 aaying
999 4405 1057 4454 that
1073 4404 1105 4454 he
1117 4405 1242 4454 etretched
1255 4406 1320 4455 from
1335 4420 1383 4455 one
1399 4406 1450 4457 end

339 4473 351 4506 ⁸
366 4482 387 4525 ct
405 4476 557 4539 kaffitudim
573 4496 615 4529 are
633 4481 739 4531 omitted
755 4482 782 4531 in
801 4482 845 4532 the
894 4486 974 4535 ottho
984 4486 1056 4537 earth
1066 4492 1094 4536 to
1104 4487 1147 4536 the
1157 4488 1239 4537 other.
1263 4487 1370 4551 ttvtt'te
1383 4488 1448 4539 07⁸
