3225 5184
605 415 784 472 vualane.
1214 403 1281 467 319

22 601 25 638 ς
125 573 158 630 et
172 565 205 630 in
220 564 350 632 insuetis
364 565 523 646 ebulliens,
538 568 620 633 sicut
635 568 694 655 ipsi
709 567 826 645 dieunt,
842 567 1031 634 contrarium
1041 589 1110 634 esse
1124 577 1281 636 terrenum
1293 589 1443 675 ,lffiffl

21 707 23 740 l
125 668 266 753 spiritali,
284 677 315 734 et
330 669 468 755 spiritale
483 673 628 736 terrenol
672 672 836 752 Quomodo
849 670 946 756 igitur
959 671 992 735 iu
1010 671 1175 737 contrariis
1194 682 1228 738 et
1249 673 1282 738 in
1310 648 1442 768 Mffill

125 773 254 837 insuetis
274 793 401 857 parvum
418 773 576 851 emissum,
592 773 850 859 quemadmodum
867 773 986 852 dicunt,
1004 781 1038 839 et
1055 795 1235 862 augescere,
1249 784 1283 843 et

125 877 262 954 formari,
276 885 309 942 et
323 876 365 941 ad
378 876 598 962 perfectionem
614 876 772 962 pervenire
786 877 909 964 potnit?

568 1119 669 1186 (lAP.
694 1118 839 1185 XXXI.

143 1257 250 1351 Quod
277 1285 390 1358 neque
417 1259 600 1359 conceptio
627 1287 740 1359 aeque
763 1260 950 1358 pancratio
973 1260 1122 1338 seminis
1132 1262 1265 1360 fuerit

194 1419 222 1479 1.
255 1417 381 1482 Anuuc
397 1418 490 1483 etiam
503 1427 535 1482 et
550 1418 591 1482 ad
605 1418 673 1483 hanc
683 1441 752 1505 quae
767 1419 852 1483 dicta
866 1425 940 1483 sunt
949 1419 1131 1504 requiretur,
1148 1421 1281 1485 Utrum·

127 1539 167 1583 ne
195 1520 293 1584 semel
318 1519 412 1584 enixa
440 1521 482 1586 sit
510 1522 617 1585 Mater
642 1521 763 1585 illorum
786 1543 903 1598 semen,
929 1530 965 1585 ut
985 1521 1063 1585 vidit
1083 1522 1220 1608 angelos,
1238 1545 1280 1587 an

127 1621 358 1706 particulatim?
381 1623 443 1688 Sed
457 1623 484 1687 si
500 1623 623 1707 quidem
638 1623 775 1688 simulet
791 1624 897 1702 semel,
913 1625 994 1709 quod
1013 1623 1126 1688 exinde
1148 1647 1281 1711 concep·

126 1736 205 1802 tum,
226 1747 308 1790 nnnc
326 1727 393 1812 jam
408 1747 469 1790 non
488 1725 546 1790 erit
560 1725 717 1790 infant-ile:
742 1726 899 1813 superflua
920 1735 969 1792 est
986 1725 1083 1812 ign'tur
1099 1725 1131 1789 in
1151 1747 1206 1791 eos
1227 1727 1281 1812 qui

125 1847 208 1892 nunc
229 1836 313 1904 sunt,
336 1827 476 1892 homines
496 1828 655 1892 descensio
678 1830 755 1915 ejus.
802 1829 835 1893 Si
853 1838 958 1894 autem
975 1829 1194 1915 particulatim,
1213 1829 1281 1915 jam

125 1951 188 1994 non
209 1931 378 1995 secundum
393 1931 526 2017 liguram
544 1952 661 2010 eorum,
678 1953 756 2015 quos
771 1932 848 1996 vidit
862 1933 1001 2020 angelos,
1016 1932 1091 1997 lecit
1105 1933 1281 2019 conceptio·

124 2057 212 2099 nem:
239 2034 332 2098 simul
346 2033 428 2099 enim
444 2056 499 2099 eos
512 2043 544 2100 et
562 2035 658 2100 semel
672 2037 780 2101 videns
801 2045 835 2101 et
849 2036 1036 2122 concipiens,
1054 2037 1150 2101 semel
1164 2037 1280 2101 enixio.

124 2159 195 2202 nem
211 2138 344 2202 debebat
358 2137 477 2214 iecisse,
494 2161 625 2222 quorum
641 2139 694 2204 ¹de
715 2139 812 2205 semel
827 2148 1012 2226 conceperat
1025 2141 1151 2227 ligurus.
1197 2141 1281 2223 Quid

122 2249 237 2318 antem,
254 2241 336 2326 qnod
357 2241 486 2328 angelos
508 2263 579 2305 cum
595 2241 755 2307 Salvatore
772 2241 864 2306 simul
878 2243 996 2321 videns,
1011 2241 1132 2307 illorum
1155 2243 1281 2328 quidem

122 2343 275 2430 imagines
296 2343 448 2428 concepit,
470 2344 640 2410 salvatoris
660 2354 766 2410 autem
788 2367 862 2422 non,
881 2345 935 2429 qui
957 2353 1007 2410 est
1027 2345 1168 2411 decorior
1187 2368 1280 2432 super

121 2445 211 2510 illos?
250 2445 453 2529 Annumquid
469 2467 531 2508 non
547 2445 662 2530 placuit
677 2449 704 2512 ei
720 2447 781 2524 hic,
798 2456 830 2511 et
845 2455 972 2532 propter
984 2447 1045 2512 hoc
1059 2470 1122 2512 non
1136 2448 1279 2533 concepit

122 2551 172 2612 ²in
188 2552 279 2614 euml
325 2549 487 2630 Quomodo
509 2558 614 2613 autem
634 2551 825 2637 Demiurgus
845 2573 937 2635 quem
960 2552 1140 2637 psychicum
1155 2561 1276 2632 vocant,

121 2653 276 2741 propriam
291 2652 461 2717 secundum
476 2673 530 2716 eos
546 2653 793 2738 magnitudinem
807 2661 841 2717 et
857 2654 987 2739 liguram
1001 2655 1129 2731 habens,
1145 2654 1278 2720 emissus

122 2765 171 2822 est
192 2756 363 2820 secundum
384 2776 473 2818 suram
491 2754 698 2818 substantiam
716 2756 890 2842 perlectus;
910 2756 992 2840 quod
1013 2765 1118 2821 autem
1139 2756 1278 2843 spiritale

121 2870 179 2940 est,
195 2860 277 2947 quod
292 2859 386 2924 etiam
402 2857 560 2942 operosius
575 2866 698 2943 oportet
712 2881 780 2925 esse
795 2882 889 2945 quam
903 2860 1047 2937 animale,
1062 2859 1277 2945 imperfectum

120 2965 267 3028 emissum
283 2969 341 3038 est,
358 2968 389 3025 et
411 2981 490 3044 opus
512 2959 540 3024 ei
563 2961 622 3024 init
636 2969 671 3024 ut
692 2961 724 3025 in
743 2961 880 3026 animam
897 2963 1106 3040 descenderet,
1127 2971 1163 3027 nt
1183 2963 1217 3027 in
1238 2986 1277 3030 ea

119 3069 313 3142 sonnaretur,
324 3072 355 3128 et
366 3063 411 3127 ita
419 3063 590 3149 perlectum
601 3064 765 3140 exsistens,
774 3075 917 3152 paratum
930 3066 1034 3130 fiatad
1045 3067 1275 3152 suscipiendum

119 3171 290 3256 perlectum
303 3169 455 3232 iverbum.
485 3166 517 3231 Si
530 3167 626 3254 igitur
635 3167 666 3230 in
675 3168 806 3233 terrenis
817 3168 994 3233 hominibus
1003 3177 1036 3232 et
1048 3169 1079 3232 iu
1090 3169 1275 3235 animalibus

118 3275 278 3349 formatur,
296 3271 363 3356 jam
384 3292 447 3334 non
468 3269 638 3334 secundum
661 3270 841 3357 angelorum
863 3270 1095 3335 similitudinem
1118 3278 1177 3349 est,
1196 3293 1274 3355 quos

118 3376 225 3440 dieunt
239 3375 366 3448 lumina,
382 3373 437 3438 sed
458 3373 627 3437 secundum
642 3393 748 3438 eorum
766 3374 819 3459 qui
838 3383 913 3438 sunt
930 3374 983 3438 hic
1002 3373 1154 3438 homines.
1199 3374 1272 3438 Non

117 3479 198 3543 enim
215 3477 395 3563 angelorum
410 3475 539 3540 habebit
557 3475 792 3542 similitudinem
806 3484 841 3542 et
853 3477 1000 3564 speciem,
1016 3476 1071 3541 sed
1085 3477 1271 3555 animarum,

118 3583 149 3644 in
171 3581 282 3665 quibus
296 3587 328 3643 et
348 3579 516 3644 formatur:
541 3580 695 3663 quomodo
717 3601 798 3664 aqua
820 3580 854 3644 in
874 3601 930 3644 vas
947 3579 1053 3655 missa,
1073 3578 1172 3664 ipsius
1190 3580 1274 3644 vasis

116 3683 243 3748 habebit
254 3683 396 3760 sormam,
406 3685 455 3744 ⁴et
466 3681 533 3766 jam
549 3681 575 3744 si
587 3681 736 3768 gelaverit
750 3681 782 3744 in
797 3703 845 3760 eo,
856 3682 991 3768 speciem
1005 3681 1131 3746 habebit
1146 3681 1271 3760 vasculi,

116 3786 149 3849 in
173 3807 234 3870 quo
256 3783 380 3871 gelavit,
405 3783 528 3867 quando
552 3783 628 3869 ipsae
654 3783 766 3847 animae
796 3785 933 3870 corporis
957 3783 1094 3848 habeant
1115 3784 1270 3871 figuram

116 3887 174 3973 ipsi
203 3887 286 3952 enim
314 3886 454 3973 adoptati
483 3894 557 3950 sunt
585 3885 661 3964 vasi,
692 3886 951 3970 quemadmodum
980 3885 1188 3971 praediximus.
1236 3889 1270 3952 Si

115 3991 209 4078 igitur
224 3997 256 4055 et
271 3989 344 4054 illud
353 4011 459 4054 semen
468 3988 519 4053 hio
528 3988 711 4074 coagulatur
722 3996 754 4052 et
768 3989 928 4064 formatur,
938 3988 1075 4051 hominis
1085 3988 1185 4074 figura
1199 3990 1269 4069 erit,

114 4094 247 4158 sednon
266 4091 446 4180 angelorum
461 4091 592 4157 sormam
607 4091 736 4155 habens.
774 4089 937 4171 Quomodo
952 4089 1048 4176 igitur
1061 4089 1102 4154 ad
1117 4091 1270 4178 imagines

113 4197 293 4284 angelorum
307 4195 382 4260 illud
395 4217 502 4260 semen
512 4201 570 4272 est,
581 4194 662 4278 quod
677 4193 849 4260 secundnm
862 4191 1094 4257 similitudinem
1109 4193 1269 4260 hominum

161 4365 251 4424 ¹Both
266 4366 309 4414 the
321 4365 364 4414 Cn.
377 4363 428 4414 and
442 4365 493 4413 Aa.
507 4363 583 4414 MSS.
600 4364 664 4413 have
715 4361 869 4425 tellipendum
886 4367 965 4412 autem
977 4361 1070 4411 intuita
1080 4362 1117 4411 vel
1129 4362 1208 4412 &mile
1219 4379 1269 4414 ver·

112 4449 142 4497 de
152 4448 234 4504 seorel,⁴
249 4448 354 4508 ἐφατάξ.
374 4447 424 4496 Gn.
433 4445 577 4496 andMass.
587 4446 665 4510 adopt
714 4446 779 4496 bum,
815 4447 865 4496 Gs.
896 4446 932 4494 Or
944 4446 1029 4506 Gracc,
1044 4443 1099 4493 κατ’
1111 4447 1190 4496 αὐτόν.

112 4531 170 4579 inde
185 4531 261 4590 amuel,
281 4531 346 4578 from
362 4529 405 4578 the
416 4528 496 4578 Voss.
764 4527 775 4559 ⁸
792 4529 873 4590 λόγον,
886 4528 1011 4577 rationem.

160 4611 227 4672 ²1n,
245 4610 438 4661 aMS.V083.
455 4609 555 4660 addidi.
578 4609 665 4660 Subin-
764 4609 944 4661 *iareim
979 4609 1158 4661 Auctiurrrri.
