3225 5184
525 406 606 455 rna
628 406 687 455 m
709 408 866 462 KBNBMA.
1204 403 1268 473 271

112 558 278 647 caliginem
297 559 382 625 enim
403 568 600 627 convertetur
620 561 792 629 seeundum
813 583 869 629 eos
890 570 923 629 et
945 564 1155 632 obcaecabitur
1167 576 1270 654 pater·
1282 592 1434 682 qpquqp.

4 688 7 723 τ
112 689 188 734 num
200 668 305 734 lumen
318 690 435 747 eomm,
451 678 484 735 et
494 670 642 737 deliciet
631 692 666 735 ιιι
679 670 730 737 his
743 693 815 759 qnae
828 679 903 738 sunt
916 672 1082 740 vacuitatis
1093 674 1180 755 locis,
1197 697 1270 742 cnm
1297 686 1418 774 negiu

112 771 241 835 minime
257 770 356 857 possit
369 771 537 858 adimplere
550 794 666 839 omma
1322 781 1394 820 Μ

179 878 209 938 2.
264 872 338 937 Non
360 872 486 959 igitur
472 896 541 960 Jam
560 874 668 941 dicant
693 875 841 941 Pleroma
864 897 934 943 esse
960 878 1101 943 omnium
1127 878 1269 966 Bytbum

111 975 269 1062 ipsorum3
291 974 445 1062 siqnidem
460 974 492 1040 id
506 974 591 1062 quod
604 984 655 1043 est
667 998 802 1042 vacuum
820 986 853 1042 et
872 979 983 1045 umbra
999 1002 1101 1067 neque
1118 980 1269 1069 adimple·

111 1079 158 1144 vit
179 1099 280 1166 neque
304 1077 508 1143 illuminavit:
539 1086 595 1144 aut
622 1078 736 1145 iterum
759 1082 903 1145 umbram
923 1091 958 1148 et
982 1104 1115 1148 vacuum
1139 1092 1269 1170 praeter·

111 1181 251 1258 mittant,
284 1179 438 1269 siquidem
465 1180 616 1268 adimplet
649 1182 754 1271 omnia
783 1191 949 1269 paternum
985 1184 1122 1271 ipsorum
1152 1187 1268 1254 lumen.

113 1284 224 1371 Neque
245 1284 342 1371 igitur
358 1292 448 1350 extra
466 1284 601 1370 primum
625 1285 765 1364 Patrem,
782 1286 815 1350 id
838 1295 887 1351 est
908 1287 962 1374 qni
983 1290 1200 1375 superomnia
1219 1299 1269 1357 est

1 1420 3 1456 ι
113 1388 212 1467 Deus,
226 1398 282 1453 ant
297 1387 443 1453 Pleroma
456 1386 573 1475 aliquid
587 1409 657 1454 esee
670 1397 785 1475 potest,
808 1388 842 1453 in
863 1390 945 1476 quod
961 1389 1170 1477 Enthymesin
1184 1393 1268 1479 paesi

1 1523 2 1560 ι
111 1490 232 1555 AEonis
245 1489 441 1557 descendisse
455 1488 572 1569 dicunt,
587 1497 700 1555 utnon
714 1489 881 1556 definiatur
894 1501 927 1557 et
942 1492 1213 1559 circumscribatur
1226 1496 1267 1560 ab

111 1614 150 1659 eo
164 1592 216 1679 qui
230 1602 281 1659 est
294 1600 393 1671 extra
409 1599 444 1657 et
457 1592 654 1659 contineatur
666 1594 769 1680 ipsum
785 1594 943 1675 Pleroma,
958 1595 1007 1661 vel
1021 1595 1140 1681 primus
1155 1594 1265 1663 Deras:

111 1700 233 1785 ¹neque
261 1718 394 1762 vacuum
424 1717 503 1775 esse,
530 1704 587 1762 aut
614 1698 758 1763 umbram
784 1696 898 1783 capiet,
928 1720 999 1765 cum
1024 1699 1093 1785 jam
1121 1707 1196 1766 ante
1224 1701 1267 1767 sit

110 1799 218 1879 Pater,
240 1800 286 1866 uti
300 1820 341 1865 ne
358 1798 482 1865 deficiat
494 1799 598 1865 lumen
612 1800 691 1887 ejus,
714 1808 748 1867 et
768 1801 936 1867 definiatur
949 1801 982 1867 in
996 1822 1139 1869 vacuum.
1184 1803 1265 1869 Irre-

108 1903 224 1969 tionale
245 1911 295 1970 est
315 1910 472 1970 autemst
489 1902 619 1989 impium
639 1904 818 1970 adinvenire
838 1904 953 1984 locum,
974 1905 1089 1991 inquo
1110 1914 1214 1972 cessat
1232 1916 1266 1973 et

108 2007 205 2071 finem
231 2005 328 2073 habet
356 2006 409 2095 qui
438 2015 488 2072 est
511 2006 684 2073 seeundum
709 2028 765 2073 cos
790 2007 948 2095 Propator
975 2016 1008 2074 et
1032 2008 1202 2089 Proarche,
1232 2016 1265 2075 et

7 2127 30 2159 ι
45 2121 87 2159 ¹²⁸
108 2109 247 2175 omnium
266 2108 365 2175 Pater
384 2118 418 2176 et
438 2109 532 2194 hujus
552 2108 753 2177 Pleromatis.
796 2109 866 2176 Nec
887 2132 994 2177 rursus
1012 2110 1046 2175 in
1067 2111 1173 2178 Patris
1193 2112 1265 2178 sinu

107 2212 239 2278 alterum
264 2214 420 2300 quendam
436 2212 538 2279 dicere
559 2221 682 2279 tantam
705 2213 876 2280 fabricasse
898 2214 1110 2281 conditionem
1133 2215 1182 2281 fas
1203 2224 1263 2295 est,

106 2318 156 2384 vel
189 2316 414 2397 consentiente,
442 2316 491 2383 vel
519 2338 583 2383 non
612 2318 828 2385 consentiente
862 2340 910 2396 eo,
939 2326 1067 2405 propter
1095 2319 1263 2405 praedictas

106 2440 228 2487 causas
284 2420 421 2507 lmpium
448 2428 499 2485 est
523 2419 608 2484 enim
628 2419 771 2486 similiter
793 2428 827 2485 et
849 2421 978 2487 demens
1004 2421 1118 2501 dicere,
1140 2430 1263 2488 tantam

107 2522 317 2589 conditionem
349 2523 391 2587 ab
424 2521 554 2608 angelis,
586 2529 644 2587 aut
671 2523 713 2587 ab
740 2522 907 2588 emissione
936 2522 1070 2609 quadam
1099 2523 1262 2611 ignorante

106 2646 212 2691 verum
227 2624 371 2703 Denm,'
361 2646 396 2689 m
419 2624 470 2689 bis
494 2645 565 2710 qnae
585 2624 691 2689 snnt'
665 2624 790 2721 ipsius,
817 2624 1027 2691 ²fabricasse:
1054 2646 1154 2713 nequo
1179 2626 1262 2691 intra

107 2726 276 2792 Pleroma'
266 2747 414 2812 ipsorum,
428 2746 502 2792 cnm
511 2725 554 2792 sit
565 2724 743 2791 universnm
754 2723 903 2812 spiritale,
916 2747 954 2791 ea
968 2746 1039 2812 quae
1053 2733 1128 2791 sunt
1138 2734 1261 2793 terrena
1273 2756 1305 2795 cr.
1303 2767 1334 2841 e
1343 2758 1385 2805 ιιι,

105 2838 139 2896 et
159 2828 270 2896 choica
283 2828 429 2915 possibile
448 2829 533 2895 facta
554 2849 642 2894 esse.
665 2827 723 2895 sed
742 2849 784 2893 ne
806 2826 931 2915 quidem
945 2827 1117 2893 secundum
1138 2812 1294 2895 illoruml'
1303 2805 1321 2842 ²

105 2930 285 3021 imaginem,
314 2954 386 2998 cum
410 2932 558 2998 dicuntur
577 2931 724 3019 paucist
751 2931 863 2997 nmilia
891 2931 1086 2997 formationis
1106 2940 1140 2998 et
1163 2954 1259 2999 unum

104 3056 183 3115 ease,
198 3033 344 3122 possibile
357 3041 407 3100 est
421 3042 454 3101 et
467 3056 538 3122 quse
552 3042 628 3099 sunt
640 3031 765 3099 ³multae
779 3032 966 3100 conditionis
986 3041 1020 3099 et
1039 3036 1222 3102 contraria
1212 3059 1258 3101 rn-

104 3136 204 3203 vicem
216 3138 301 3203 faeta
314 3159 394 3203 esse.

169 3244 201 3307 3.
247 3240 362 3307 Falsus
376 3249 483 3307 autem
496 3239 650 3328 appamit,
665 3246 699 3305 et
713 3239 766 3328 qui
781 3246 831 3305 est
845 3238 884 3306 de
898 3240 1009 3305 umbra
1023 3240 1205 3321 cenomatis,
1225 3241 1258 3307 id

103 3352 153 3411 est
166 3342 265 3422 vacui,
279 3342 419 3429 ipsorum
432 3364 535 3409 sermo
548 3340 721 3407 secundum
735 3342 853 3409 omnia.
883 3340 995 3429 ltaque
1009 3363 1142 3408 vacuum
1152 3349 1258 3409 osten·

103 3469 174 3513 snm
183 3455 233 3513 est
242 3448 429 3535 figmentum
442 3467 561 3523 eorum,
572 3453 606 3511 et
619 3445 802 3510 inconstans
816 3444 977 3510 doctrina:
1000 3443 1091 3510 vacui
1103 3452 1211 3511 autem
1225 3454 1259 3513 et

102 3550 136 3615 bi
150 3550 203 3637 qui
217 3551 386 3616 attendunt
398 3550 454 3629 eis,
470 3570 541 3615 vere
554 3549 609 3615 ⁴in
623 3548 810 3635 profundum
825 3546 1008 3634 perditionis
1021 3546 1257 3617 descendentes.

10 3677 31 3716 a
51 3678 89 3717 ιιι
104 3652 259 3735 Quoniam
281 3651 405 3741 quidem
430 3660 480 3718 est
504 3651 611 3716 mnndi
640 3650 809 3717 fabricator
834 3650 933 3731 Deus,
963 3658 1088 3717 constat
1110 3658 1144 3717 et
1168 3650 1256 3739 ipsis,

103 3755 155 3842 qui
170 3755 276 3822 multis
290 3755 391 3821 modis
401 3754 619 3821 contradicunt
631 3754 671 3833 ei,
686 3762 720 3819 et
734 3753 924 3820 confitentur
937 3775 1020 3833 eum,
1035 3753 1256 3823 fabricatorem

102 3878 174 3923 eum
195 3865 343 3925 vocantes
363 3865 398 3924 et
416 3857 564 3944 angelum
584 3856 743 3922 dieentes.
773 3863 811 3922 ut
841 3876 905 3921 non
934 3856 1083 3935 dieamus,
1110 3857 1257 3976 quoniam

102 3982 211 4026 omnes
231 3960 368 4026 clamant
390 3959 570 4046 Scriptura,
590 3967 624 4025 et
644 3958 800 4025 Dominus
818 3959 901 4024 hunc
927 3959 1056 4025 Patrem
1079 3960 1132 4046 qui
1153 3961 1233 4027 est
1223 3982 1256 4025 ιιι
1269 3990 1305 4029 ιι.
1306 3993 1351 4029 ιι.
1332 3990 1418 4063 ..ιιιι

101 4063 188 4129 coelis
202 4062 305 4143 docet,
319 4071 352 4130 et
365 4085 429 4129 uon
439 4062 554 4129 dium:
578 4062 840 4151 quemadmodum
855 4061 1056 4128 ostendemus
1068 4063 1256 4151 procedente
1269 4036 1304 4077 ¹¹
1305 4040 1329 4077 ἰ
1339 4036 1393 4077 aa

100 4188 253 4235 sermone.

149 4330 158 4364 ¹
177 4332 256 4383 Graec
273 4334 325 4383 otti
341 4331 370 4383 τὸ
387 4332 453 4383 roda
467 4330 534 4393 eber,
542 4310 568 4393 'ri
583 4332 654 4383 σιὼ
753 4326 852 4379 'nube
863 4328 884 4380 is
895 4334 940 4380 not
951 4346 983 4379 an
995 4328 1107 4396 unlikely
1114 4328 1217 4396 reading
1227 4346 1255 4381 aa

101 4415 227 4475 ἐνδέξπιι,
245 4413 275 4463 td
290 4421 331 4475 at,
348 4428 423 4476 aeque
438 4412 497 4475 ‚lim
509 4414 606 4477 poterit,
625 4418 654 4463 et
703 4414 862 4480 represented
872 4416 899 4463 in
916 4417 956 4465 ret
966 4414 999 4464 τὰ
1010 4415 1094 4465 πολλὰ
1104 4416 1147 4474 rtis
1158 4416 1257 4466 κτίσεωι

99 4512 209 4558 mam,
223 4504 267 4546 ose
277 4496 366 4547 matra
375 4496 415 4547 rit.
438 4495 506 4546 Sico.
514 4492 550 4557 16,
564 4496 594 4545 a
604 4494 653 4547 dcc
704 4499 745 4547 rat
756 4498 852 4547 bento
864 4498 985 4558 ἀλλήλων.
1012 4495 1101 4547 ruatis
1116 4494 1220 4547 omitted
1231 4496 1256 4545 in

99 4577 196 4643 quidem
210 4577 239 4627 ιἰι
253 4577 391 4628 dominibus
405 4576 471 4641 capit
481 4576 541 4628 dici.
559 4576 635 4629 Bm.
702 4578 747 4629 the
757 4581 808 4629 Aa.
822 4579 880 4629 MS.

148 4658 318 4723 ’satricum
329 4661 345 4711 i.
354 4675 376 4711 e.
388 4658 504 4723 Betae.
753 4658 765 4691 ⁴
781 4661 814 4710 eir
825 4660 867 4709 riv
878 4656 952 4723 βυθὸν
962 4660 1005 4721 rip
1017 4659 1145 4721 druides,
1159 4674 1183 4725 p.
1199 4656 1253 4721 ²64.
