3225 5184
290 374 356 445 198
770 390 959 445 assumis

130 566 271 654 wall}
291 547 326 620 dd
353 550 491 625 τούτους
520 551 660 645 ἔχοντας
683 549 745 620 τὸν
764 552 931 646 σπινθῆρα
955 551 1013 631 τῆς
1039 547 1120 650 ζωῆς
1141 550 1175 619 ἕν
1198 549 1320 626 adroic·
1372 549 1443 618 Δύο
1456 578 1527 663 m

148 661 256 747 'illisi
290 659 361 760 ’γὰρ
386 663 465 754 Ύὲνη
483 667 549 734 τῶν
571 660 750 761 ἅνθριύπιου
776 665 842 734 ind
871 667 937 734 τῶν
960 662 1118 757 ἆγαὲλων
1141 663 1338 733 πεπλάσθαι
1366 664 1533 760 ἔφηέῑὸξθ·

125 776 193 791 ’ᾖ
208 779 276 787 ‘⁴'
290 775 352 846 τὸυ
369 773 428 858 μὲν
447 774 592 873 πονηρθν
616 777 678 846 τὸν
696 772 731 845 di
748 774 890 869 ἀγαθόν·
918 776 973 845 καὶ
996 773 1106 857 ε’πειθῆ
1136 778 1169 845 οἱ
1194 773 1342 857 δαίμονες
1370 784 1443 850 τοῖς

291 898 446 987 πονηροῖς
475 886 662 974 ’ἐβούθουη
690 888 879 970 ἐληλυθέναι
908 888 971 961 τύν
999 888 1142 985 Σωτῆρα
1175 887 1231 957 ἐπὶ
1259 888 1441 961 καταλύσει

288 1006 356 1072 τῶν
387 998 529 1099 φαύλων
558 998 738 1099 α’νθριύπων
762 1002 817 1071 καὶ
849 999 1017 1084 δαιμόνων,
1044 1000 1098 1070 ε’πύ
1131 1000 1279 1099 σωτηρίᾳ
1309 998 1344 1070 δὲ
1375 1004 1444 1072 τῶν

291 1115 437 1204 α’γαθῶν.
494 1112 569 1182 2Τύ
597 1111 631 1183 di
657 1124 774 1205 γαμεῖν
794 1113 848 1185 καὶ
874 1120 991 1204 ’γεννᾶν
1008 1113 1077 1183 ἀπὸ
1097 1118 1160 1183 τοῦ
1184 1115 1315 1185 σατανᾶ
1338 1112 1443 1210 φησὶν

291 1225 382 1298 εἶναι.
427 1226 477 1295 Οἱ
493 1227 624 1302 πλείους
638 1258 678 1295 τε
695 1230 761 1297 τῶν
780 1226 840 1297 ἀπ’
856 1227 975 1297 ἐκείνου
991 1225 1045 1296 καὶ
1065 1223 1228 1321 ἐμψύχων
1245 1226 1441 1321 ἀπέχονται,

291 1336 343 1413 dccl
369 1341 429 1421 τῆς
453 1344 688 1437 προσποιήτου
715 1337 837 1421 ταύτης
863 1339 1068 1439 ἐγκρατείας.
1121 1336 1213 1414 3Τὰς
1244 1335 1280 1407 di
1306 1344 1444 1436 προφη-

289 1452 388 1535 τείας,
418 1452 456 1528 do
486 1448 545 1534 μὲν
579 1450 648 1522 ἀπὸ
679 1456 747 1524 τῶν
777 1457 991 1535 κοσμοποιῶν
1025 1451 1183 1542 ἀγγέλων
1218 1453 1440 1533 λελαλῆσθαι,

290 1566 327 1641 dc
347 1562 381 1634 di
407 1562 476 1635 ἀπὸ
494 1570 558 1639 τοῦ
581 1567 722 1649 σοτανᾶ,
743 1562 781 1635 ὃν
800 1564 854 1636 καὶ
875 1563 974 1636 ούτύν
993 1562 1146 1655 ἄγγελον
1164 1559 1441 1661 ἀντιπράττοντα

290 1686 361 1753 τοῖς
384 1687 555 1760 κοσμικοῖς
580 1678 747 1761 ὑπέθεντο,
777 1672 819 1781 [l.
846 1678 1066 1761 κοσμοποίοις
1092 1669 1266 1779 desidera]
1287 1673 1442 1759 μάλιστα

290 1788 326 1859 dd
344 1787 404 1861 τὸν
424 1795 490 1860 τῶν
506 1788 672 1861 Ἰουδαίων
692 1790 778 1861 θεόν
796 1786 890 1895 [ΙΝΤ.
908 1793 958 1879 τῷ
975 1822 1008 1862 τ.
1027 1789 1068 1859 Ἰ.
1086 1782 1190 1891 Θεῷ],
1243 1787 1364 1859 Ταῦτα
1383 1786 1443 1871 μὲν

290 1914 345 1987 ούν
368 1920 387 1987 ὁ
413 1918 649 2015 Σατορυεῖλος.

289 2088 398 2145 autem
422 2081 489 2153 hos,
509 2080 563 2165 qui
580 2081 701 2147 habent
718 2081 888 2146 scintillam
906 2080 981 2146 vitae
999 2082 1075 2167 ejus.
1131 2078 1205 2144 Duo
1222 2078 1307 2144 enim
1322 2102 1443 2166 genera

288 2180 340 2243 hic
366 2179 485 2265 primus
511 2180 674 2245 hominum
699 2180 857 2265 plasmata
879 2204 947 2246 esse
971 2182 1014 2246 ab
1037 2179 1170 2267 Angelis
1194 2179 1287 2255 dixit,
1303 2180 1442 2245 alterum

290 2278 418 2365 quidem
435 2301 581 2367 nequam,
600 2279 736 2343 alterum
755 2289 864 2345 autem
881 2282 1009 2349 bonum.
1050 2280 1096 2345 Et
1115 2279 1264 2366 quoniam
1281 2280 1442 2344 daemones

290 2378 442 2463 pessimos
462 2379 667 2464 adjuvabant,
685 2380 806 2444 venisse
829 2379 1029 2446 Salvatorem
1052 2380 1094 2444 ad
1119 2379 1358 2444 dissolutionem
1375 2402 1441 2445 ma·

289 2478 392 2542 lorum
420 2479 582 2544 hominum
612 2487 645 2544 et
675 2480 863 2559 daemonum,
891 2481 932 2545 ad
964 2480 1099 2545 salutem
1133 2490 1240 2544 autem
1274 2480 1439 2544 bonorum.

290 2574 421 2643 Nubere
438 2586 546 2644 autem
563 2585 598 2644 et
613 2601 767 2666 generare
785 2602 805 2644 a
823 2580 946 2645 Satana
967 2578 1079 2644 dicunt
1096 2601 1172 2644 esse.
1216 2578 1315 2644 Multi
1331 2589 1441 2644 autem

290 2700 330 2743 ex
359 2678 406 2757 iis,
432 2678 581 2764 quisunt
603 2680 645 2744 ab
666 2702 714 2754 eo,
738 2688 772 2744 et
794 2681 835 2745 ab
858 2678 1046 2745 animalibus
1068 2678 1241 2757 abstinent,
1259 2701 1316 2764 per
1332 2679 1441 2744 fictam

288 2777 469 2862 hujusmodi
486 2778 716 2844 continentiam
732 2779 920 2844 seducentes
942 2777 1068 2844 multos.
1120 2777 1313 2864 Prophetias
1333 2786 1441 2843 autem

289 2878 442 2963 quasdam
472 2878 600 2964 quidem
633 2879 675 2943 ab
701 2878 740 2943 iis
767 2879 910 2965 Angelis,
943 2878 996 2964 qui
1031 2879 1185 2942 mundum
1216 2877 1441 2943 fabricaverint

289 2975 412 3053 dictas;
440 2978 592 3062 quasdam
616 2986 725 3043 autem
746 3000 767 3043 a
793 2975 933 3043 Satana:
965 3000 1060 3063 quem
1086 2987 1120 3042 et
1148 2976 1252 3062 ipsum
1278 2977 1441 3065 Angelum

288 3074 502 3141 adversarium
536 3078 646 3141 mundi
679 3077 926 3143 fabricatoribus
963 3076 1114 3152 ostendit,
1152 3077 1291 3142 maxime
1332 3085 1441 3142 autem

287 3172 312 3238 J
314 3176 477 3241 udaeorum
495 3174 577 3244 Deo.

746 3326 850 3393 CAP.
878 3326 983 3392 XIX.

525 3453 614 3545 Quo
637 3468 686 3529 est
712 3453 896 3529 Basdtdis
920 3454 1196 3553 ανρυιηοιιίαιίο.

364 3589 393 3652 1.
421 3588 587 3653 Bssnrnss
609 3598 728 3664 autem,
746 3598 784 3657 ut
804 3590 900 3656 altius
921 3591 1042 3677 aliquid
1063 3600 1098 3656 et
1120 3592 1317 3657 verisimilius
1336 3593 1440 3658 ‘inse-

285 3686 368 3751 nisse
385 3686 540 3763 videatur,
559 3689 608 3753 ⁵in
625 3689 814 3756 immensum
829 3692 977 3757 extendit
988 3691 1183 3756 sententiam
1196 3692 1350 3758 doctrinis
1362 3715 1439 3773 susa,

332 3841 341 3875 ¹
360 3844 474 3905 ἐβοήθουν
484 3844 599 3895 confirma
611 3846 727 3897 Gasan’s
734 3848 839 3913 reading
936 3847 1131 3909 ‘Adinvmicse
1150 3848 1268 3897 Gasan’s
1284 3848 1394 3912 reading,
1419 3850 1441 3898 is

283 3924 441 3989 αιζύυυαύαοε.
480 3927 533 3977 The
558 3928 659 3980 Ossan.
682 3930 733 3979 and
753 3930 835 3981 Voss,
887 3931 955 3995 quite
981 3946 1028 3979 ons
1051 3931 1080 3979 of
1100 3931 1144 3979 the
1166 3930 1321 3978 transhtor's
1345 3930 1441 3990 waren

283 4006 361 4057 MSS.
375 4007 575 4071 haveudjuoont.
788 4062 790 4065 ,
886 4011 938 4059 still
953 4012 996 4059 the
1012 4012 1067 4060 first
1083 4011 1186 4075 syllable
1207 4012 1228 4060 is
1250 4017 1296 4061 uot
1316 4010 1395 4061 found
1413 4013 1441 4060 in

331 4084 343 4119 ²
358 4088 412 4137 'l'he
420 4088 525 4139 Gnostic
534 4090 621 4139 notion
633 4091 661 4139 ol
669 4091 712 4140 the
722 4090 838 4141 inherent
886 4091 929 4141 the
946 4094 1045 4144 Cannu.
1059 4109 1088 4141 or
1100 4093 1180 4143 Voss,
1195 4094 1282 4154 MSS„
1296 4094 1317 4142 it
1328 4094 1349 4143 ia
1361 4095 1440 4142 there·

282 4166 451 4233 mslignityof
458 4174 550 4219 matter
560 4170 838 4239 ledtothel'orbidding
885 4173 938 4221 lore
955 4174 1089 4224 rescindcd
1124 4176 1158 4224 So
1174 4176 1227 4225 also
1242 4176 1380 4239 Masonsa,
1395 4177 1442 4225 but

281 4248 311 4296 of
324 4250 454 4314 marriage.
489 4250 567 4315 Upon
584 4252 666 4301 which
683 4254 779 4315 subject
793 4256 837 4304 the
885 4255 992 4305 without
1009 4256 1147 4321 indicating
1163 4258 1202 4307 his
1219 4259 1356 4322 authority.
1391 4257 1443 4306 For

280 4330 366 4379 readcr
387 4348 446 4395 may
463 4332 561 4381 constalt
580 4333 662 4382 Onu.
681 4335 730 4385 Aa.
748 4336 834 4386 θινουι.
885 4353 919 4387 an
935 4345 1042 4388 soccum
1059 4340 1088 4388 oi
1106 4339 1228 4390 Basilides
1246 4358 1286 4391 see
1300 4343 1344 4390 the
1360 4340 1441 4391 Prole·

281 4412 548 4472 111.,Tnsrnan1auc.
562 4414 641 4463 Mose.
655 4426 672 4464 1.
686 4428 712 4465 v.
882 4434 993 4480 σοασιο.

330 4490 517 4541 ⁸‘l'anonouan
543 4495 618 4557 again
640 4500 729 4559 quotes
750 4512 767 4547 a
787 4498 835 4548 lew
934 4501 988 4550 ’in
1002 4501 1443 4570 immunesprolessingtogive

281 4572 361 4621 words
372 4574 401 4622 ol
409 4575 452 4623 the
463 4580 517 4623 text
528 4574 557 4623 ol
570 4575 703 4630 Insanus.
883 4580 928 4630 the
946 4598 1032 4633 names
1047 4584 1076 4633 ol
1089 4586 1132 4635 the
1146 4586 1232 4649 angela
1247 4587 1274 4635 in
1287 4588 1349 4636 sach
1363 4587 1392 4636 of
1402 4588 1442 4637 his
