3225 5184
546 414 702 467 onisuun
730 416 921 469 Pannona,
1235 404 1302 469 253

148 572 321 638 necessitas
349 580 399 639 cst
429 582 463 639 et
489 596 510 640 a
537 576 691 642 lateribus
721 577 847 642 definiri
880 577 969 654 illud,
998 577 1048 642 vel
1074 577 1226 643 inchoans
1251 579 1303 644 vel
1322 596 1466 684 mappis

151 671 313 737 ¹desinens
330 674 371 738 ad
389 674 451 739 alia
469 676 636 760 quaedam:
661 686 695 741 et
713 678 765 742 illa
779 685 951 755 rursus,et
917 678 1031 743 etalia
1053 700 1126 764 quae
1144 685 1220 742 sunt
1234 701 1302 742 sur·
1315 690 1425 730 ΝΛΜ
1431 692 1466 731 ιθ·

149 792 218 836 sum
242 782 276 837 et
293 796 363 858 quae
381 774 538 850 deorsum,
557 777 598 839 ad
617 778 680 841 alia
698 778 845 862 quaedam
867 779 1034 843 habebunt
1059 778 1161 857 initia,
1184 784 1218 843 et
1241 766 1467 843 hoc—

148 873 296 956 usquein
322 873 491 947 inlinitum,
509 884 547 939 ut
562 898 724 961 uunquam
747 886 814 942 stet
829 901 939 942 eorum
963 877 1158 965 excogitatio
1184 877 1217 941 iu
1238 899 1302 943 uuo

150 968 231 1050 Deo,
249 974 305 1036 scd
331 996 390 1057 per
414 975 610 1039 occasionem
634 976 822 1062 plusquam
845 986 896 1043 est
921 978 1085 1063 quaerendi
1102 978 1136 1041 iu
1159 977 1191 1041 id
1215 978 1303 1063 quod

148 1092 211 1133 non
230 1072 271 1136 sit
289 1072 426 1151 excidat,
446 1082 479 1137 et
497 1074 666 1141 absistata
683 1099 758 1141 vero
777 1075 858 1141 Deo.

222 1176 252 1237 3.
306 1172 460 1237 Similiter
470 1184 577 1239 autem
591 1176 660 1239 haec
677 1183 711 1240 et
723 1177 873 1241 adversus
886 1176 1003 1262 eosqui
1014 1186 1089 1239 suut
1102 1199 1122 1240 a
1136 1175 1302 1242 Marcione

147 1277 261 1354 aptata
288 1282 373 1337 sunt.
425 1272 683 1339 Continebuntur
712 1276 796 1340 enim
823 1287 858 1340 et
883 1275 1155 1341 circumfinieutur
1176 1284 1210 1341 et
1237 1277 1301 1341 duo

149 1366 210 1434 Dei
232 1372 300 1456 ejus
322 1374 364 1436 ab
391 1374 545 1437 immenso
568 1374 743 1450 intervallo,
762 1376 847 1461 quod
867 1383 997 1460 separat
1018 1396 1073 1440 eos
1091 1376 1132 1439 ab
1156 1375 1299 1440 invicem.

147 1468 201 1534 Sic
228 1480 336 1537 autem
367 1474 409 1537 ad
436 1472 680 1560 excogitandum
706 1482 755 1540 est
777 1475 949 1541 necessitas
975 1475 1149 1539 secuudum
1173 1497 1301 1539 omnem

146 1578 272 1653 partem
289 1572 406 1637 multos
426 1573 501 1637 deos
522 1572 675 1639 immensa
695 1574 897 1660 separatione
919 1575 1085 1650 distantes,
1102 1574 1143 1637 ab
1167 1574 1300 1639 invicem

146 1669 274 1753 quidem
290 1670 484 1749 inchoantes,
503 1674 544 1736 ad
562 1673 694 1739 invicem
712 1682 821 1739 autem
838 1674 1021 1738 ²finientes:
1044 1681 1078 1738 et
1101 1672 1155 1738 illa
1175 1674 1299 1737 ratione

146 1792 208 1853 qua
226 1770 374 1835 nituntur
390 1772 505 1837 docere
521 1794 617 1857 super
633 1775 860 1839 fabricatorem
876 1774 948 1838 coeli
971 1781 1006 1838 et
1027 1779 1124 1838 terras
1149 1795 1217 1837 esse
1242 1773 1299 1838 ali·

145 1872 230 1952 quod
249 1870 391 1954 pleroma
408 1880 465 1937 aut
485 1870 600 1949 Deum,
619 1875 732 1938 eadem
749 1874 875 1939 ratione
893 1881 987 1937 utens
1004 1873 1137 1959 quisque
1152 1874 1299 1938 adstruet

145 1990 240 2053 super
257 1971 398 2054 pleroma
416 1973 552 2037 alterum
568 1995 635 2038 esse
653 1975 803 2059 pleroma,
821 1981 854 2038 et
871 1995 967 2058 super
983 1973 1060 2036 illud
1075 1995 1184 2037 rursus
1201 1973 1297 2049 aliud,

145 2080 179 2132 et
208 2092 304 2154 super
333 2070 475 2157 Bythum
510 2071 595 2135 aliud
626 2075 756 2159 pelagus
785 2073 857 2147 Dei,
887 2080 922 2137 et
953 2094 974 2136 a
1007 2072 1160 2137 lateribus
1189 2081 1298 2138 autem

144 2168 290 2233 similiter
307 2171 418 2235 eadem
433 2194 513 2235 csse:
534 2178 567 2235 et
584 2174 673 2237 sicin
691 2174 879 2237 immensum
896 2172 1064 2237 excidente
1080 2171 1249 2246 sententia,
1264 2180 1299 2238 et

143 2290 270 2355 semper
294 2273 464 2336 necessitas
489 2271 551 2337 erit
577 2274 759 2359 excogitare
779 2274 883 2337 altera
909 2274 1096 2357 pleromata,
1123 2279 1157 2335 ct
1180 2272 1299 2336 alteros

145 2369 275 2453 Bythos,
306 2378 339 2435 et
370 2393 531 2456 nunquam
558 2373 728 2457 aliquando
754 2373 936 2446 consistere,
965 2394 1090 2456 semper
1119 2382 1299 2456 quaerentes

69 2514 74 2524 .
113 2489 131 2530 a
143 2468 221 2533 alios
244 2479 363 2554 praeter
383 2471 494 2534 dictos
549 2470 623 2535 Erit
640 2478 747 2535 autern
763 2472 930 2544 incertum,
949 2479 1131 2536 utrumnam
1149 2472 1218 2535 haec
1232 2472 1297 2536 siut

144 2569 300 2641 deorsum,
323 2591 393 2653 quae
411 2578 486 2633 sunt
503 2571 673 2633 secundum
692 2592 758 2643 nos,
777 2593 819 2632 an
842 2571 911 2633 haec
933 2570 1003 2654 ipsa
1026 2569 1190 2653 superiora
1210 2570 1296 2645 sint;

143 2674 177 2731 et
195 2690 265 2752 quas
284 2669 433 2732 dicuntur
453 2670 493 2732 ab
515 2670 559 2732 eis
581 2692 714 2741 sursum,
734 2676 917 2733 utrumnam
939 2690 1064 2732 sursum
1085 2689 1126 2730 an
1149 2669 1297 2732 deorsum

142 2766 227 2831 sint:
246 2776 279 2831 et
296 2768 399 2831 nullus
413 2776 516 2833 status
533 2791 636 2853 neque
654 2768 788 2832 firmitas
801 2768 980 2832 continebit
995 2789 1122 2831 sensum
1139 2778 1295 2843 nostrum,

143 2868 198 2931 sed
232 2868 264 2929 iu
294 2868 461 2931 immensos
495 2870 629 2932 mundos
665 2884 697 2932 et
733 2868 996 2932 indeterminatos
1031 2869 1108 2931 deos
1143 2868 1297 2932 excedere

142 2968 312 3033 necessitas
331 2968 401 3033 erit.

215 3070 245 3130 4.
300 3068 344 3131 Et
370 3090 441 3132 curn
470 3069 538 3133 haec
562 3068 607 3133 sic
636 3091 670 3133 se
694 3068 844 3143 habeant,
871 3068 1086 3153 unusquisque
1114 3067 1202 3132 Deus
1230 3067 1295 3133 suis

142 3174 311 3232 contentus
338 3168 409 3242 crit,
427 3176 460 3233 et
485 3191 549 3233 non
575 3168 697 3233 curiose
723 3176 800 3255 aget
822 3170 862 3233 de
885 3168 1015 3233 alienis:
1041 3168 1068 3231 si
1094 3191 1157 3252 quo
1180 3167 1294 3243 miuus,

141 3266 278 3351 injustus
303 3268 365 3331 erit
391 3276 424 3332 et
453 3290 566 3333 avarus
592 3276 626 3333 et
655 3290 780 3333 cessans
808 3291 876 3332 csse
903 3269 988 3354 quod
1025 3267 1113 3331 Deus
1137 3276 1196 3331 est.
1249 3266 1296 3334 Et

142 3388 338 3452 unaquaeque
365 3368 525 3433 ³conditio
559 3390 649 3432 suum
679 3368 905 3433 fabricatorem
933 3367 1135 3453 glorificabit,
1163 3373 1198 3432 et
1226 3365 1297 3451 ipso

140 3467 313 3531 ⁴sufficiens
331 3468 401 3545 erit,
416 3476 450 3532 et
463 3468 599 3532 alterum
618 3490 680 3532 uon
699 3475 883 3554 cognoscet:
901 3467 927 3531 si
944 3489 1006 3552 quo
1019 3467 1132 3544 minus,
1146 3473 1296 3550 apostata

138 3565 311 3649 justissime
328 3568 369 3631 ab
387 3567 532 3631 omuibus
549 3568 718 3653 ⁵judicata,
738 3568 954 3654 dignissimam
976 3566 1134 3651 concipiet
1157 3587 1296 3651 poeuam.

48 3680 121 3717 0-116·
142 3666 282 3749 Oportet
299 3668 382 3731 enim
400 3674 567 3732 autunum
585 3690 653 3732 esse
669 3668 721 3753 qui
742 3668 849 3732 omnia
866 3666 1019 3742 continet,
1037 3675 1070 3731 et
1088 3665 1120 3728 in
1138 3666 1203 3730 suis
1219 3666 1296 3732 fecit

141 3768 387 3852 unumquodque
405 3790 512 3831 eorum
531 3791 601 3853 quae
618 3768 704 3832 facta
720 3776 804 3842 sunt,
817 3768 1085 3852 quemadmodum
1103 3765 1169 3851 ipse
1184 3767 1294 3844 voluit,

140 3880 196 3929 aut
215 3866 330 3930 multos
350 3890 457 3931 rursus
473 3877 506 3932 et
524 3866 788 3933 indeterminatos
805 3868 943 3931 factores
957 3872 990 3930 et
1003 3867 1088 3939 deos,
1103 3866 1144 3929 ab
1162 3865 1295 3929 invicem

140 3965 268 4050 quidem
283 3965 480 4051 incipientes,
496 3967 680 4031 adinvicem
695 3975 803 4031 autem
821 3966 1003 4029 desinentes
1015 3987 1073 4049 per
1086 3986 1211 4028 omnem
1222 3986 1296 4049 par-

140 4053 224 4132 tem:
249 4075 282 4129 et
299 4066 377 4130 alios
395 4088 504 4131 omnes
521 4089 540 4130 a
556 4067 631 4130 foris
648 4068 689 4131 ab
707 4067 810 4132 altero
829 4065 966 4150 quodam
989 4065 1110 4149 majore
1129 4063 1294 4141 contineri,

138 4285 245 4348 genuine
258 4286 367 4350 reading,
388 4288 431 4335 the
446 4288 580 4336 translator
596 4288 690 4351 having
790 4286 801 4317 ⁴
819 4286 904 4345 ἱκανὸς,
919 4269 982 4343 'wi
1017 4284 1089 4333 Ruth
1105 4284 1121 4333 i.
1135 4297 1173 4331 eo.

138 4366 196 4414 rcsd
208 4368 277 4429 πᾶσῃ
288 4370 383 4429 ἀνάγκη
394 4370 446 4417 ἐστι
458 4370 485 4417 τὸ
498 4370 623 4431 ὁρίζεσθαι.
790 4366 801 4398 ⁶
819 4368 930 4431 Perhaps
949 4368 1096 4427 ἐλεγχθεῖσα
1117 4362 1189 4412 stood
1206 4362 1233 4410 in
1251 4363 1295 4411 the

187 4446 196 4479 ¹
215 4449 267 4508 Gt,
281 4450 327 4498 but
339 4450 447 4511 adficiens
458 4452 509 4500 An.
743 4449 826 4497 Greek
836 4466 843 4507 ;
862 4448 884 4495 if
892 4464 928 4506 so,
942 4448 981 4495 for
992 4445 1108 4508 judicata
1119 4461 1155 4493 we
1166 4460 1225 4507 may
1235 4443 1294 4492 read

186 4528 258 4579 'Cu
271 4531 411 4592 &ficantes
742 4530 862 4577 indicata.
906 4528 939 4575 In
957 4528 1001 4577 the
1018 4526 1115 4590 prefaoe
1133 4540 1170 4573 wa
1188 4523 1238 4572 had
1255 4524 1293 4573 in·

186 4608 327 4671 'coadulta
339 4613 383 4662 ie.
397 4614 479 4662 κτίσις.
742 4612 874 4661 dimanans
886 4611 928 4659 the
939 4608 1250 4673 equiralcutforlhqxos.
