3225 5184
305 419 372 485 254
755 431 856 485 nnus
878 430 1006 484 onnra

142 600 339 694 effigient
369 593 455 659 velut
489 592 624 658 inclusos
650 600 684 659 et
713 598 881 657 manentes
909 591 942 656 in
969 590 1035 655 suis
1066 610 1322 675 unumquemque
1348 612 1461 655 corum

139 694 449 759 nassrrnaoonflgefi
475 693 646 758 necessitas
671 692 743 766 crit,
768 691 926 757 neminem
951 698 1061 756 autem
1086 689 1202 754 horum
1224 690 1365 754 omnium
1390 712 1462 755 esse

142 776 288 786 —-
306 792 421 859 Deum.
476 791 590 857 Deerit
618 792 702 858 eninr
728 792 897 876 unicuique
921 812 1032 856 eorum
1060 797 1186 876 partem
1214 789 1461 855 minutissimam

305 893 438 958 habenti
472 893 513 957 ad
545 892 817 978 comparationem
846 891 987 955 omnium
1018 891 1223 976 reliquorum,
1257 898 1292 955 et
1319 890 1463 955 solvetur

307 992 544 1077 Omnipotentis
561 992 741 1079 appellatio,
759 998 792 1057 et
808 990 980 1057 necessitas
997 990 1059 1057 erit
1075 991 1109 1055 in
1124 989 1324 1076 impietatem
1344 990 1462 1055 cadere

306 1092 405 1157 talem
421 1114 556 1157 sensum.

791 1277 892 1342 cAP.
919 1275 967 1345 11.

305 1406 435 1505 Neque
460 1404 594 1480 iterum
623 1404 664 1479 in
693 1404 845 1505 eisquc
872 1404 1101 1479 continenter
1129 1430 1155 1478 u
1184 1404 1312 1495 Putre,
1342 1401 1462 1477 aliern

381 1522 565 1624 quendum
582 1522 792 1623 fabricasse
816 1524 912 1597 bunc
937 1520 1140 1606 mnodum
1164 1548 1278 1620 neque
1302 1521 1462 1596 Patrem

377 1670 450 1741 per
484 1640 563 1717 clia
599 1640 831 1715 adminicula
862 1666 953 1733 eom,
981 1666 1060 1738 quc
1086 1636 1285 1713 secundem
1308 1665 1373 1713 nos
1396 1652 1458 1730 est,

368 1759 503 1858 secisse
528 1758 777 1847 conditionem,
803 1756 868 1831 aed
890 1771 1033 1832 tentent
1051 1783 1126 1856 per
1149 1755 1305 1831 Verbum
1328 1782 1457 1831 ecum:

380 1902 452 1951 eece
485 1890 607 1951 cutem
639 1875 874 1951 Conditorem
907 1901 991 1949 eum
1019 1874 1085 1973 qui
1115 1887 1306 1973 estsuper
1334 1873 1463 1948 macru

382 1994 509 2078 Dece:
543 2006 576 2067 ct
607 1993 730 2091 egerent
754 1993 912 2066 Patrem
941 2018 1013 2067 ecee
1037 1991 1195 2067 Domini
1226 1990 1342 2066 codri
1364 1991 1462 2066 Jeac

386 2109 532 2185 Christi.

383 2268 413 2329 l.
465 2264 532 2340 Qnr
557 2270 665 2329 autem
685 2264 726 2329 ab
742 2264 862 2351 angelis
883 2265 1036 2330 muudum
1059 2265 1171 2331 dicunt
1191 2262 1391 2341 fabricatum,
1408 2266 1461 2331 vol

309 2367 351 2432 ab
368 2364 431 2430 alio
448 2364 586 2450 quodam
602 2364 714 2428 mnndi
736 2364 939 2439 fabricatore,
957 2372 1078 2451 praeter
1100 2364 1294 2431 seutentiam
1314 2365 1382 2449 ejus
1403 2366 1461 2451 qui

309 2464 537 2551 superomnia
566 2464 664 2529 Pater
688 2472 747 2541 est,
776 2465 879 2550 primo
907 2466 1035 2551 quidem
1065 2487 1107 2530 ex
1135 2466 1195 2529 hoc
1218 2464 1287 2550 ipso
1313 2474 1459 2550 peccant,

309 2572 430 2651 praetcr
458 2564 655 2630 voluntatem
686 2564 779 2650 primi
809 2563 871 2629 Dei
897 2565 995 2630 talem
1021 2572 1056 2630 et
1085 2571 1212 2630 tantam
1244 2563 1461 2630 conditionem

310 2664 440 2752 angelos
466 2664 577 2729 fecisse
608 2664 768 2731 dicentes:
799 2664 889 2750 quasi
916 2664 1106 2729 efficaciores
1139 2664 1204 2730 sint
1229 2664 1334 2750 angeli
1363 2686 1461 2749 qnam

313 2763 411 2842 Deus,
423 2770 480 2829 aut
493 2786 602 2829 rursus
618 2764 707 2849 quasi
717 2763 769 2829 illc
786 2764 948 2851 negligens
964 2765 1017 2840 sit,
1033 2772 1090 2829 aut
1103 2763 1206 2829 minor
1222 2764 1389 2838 exsistens,
1401 2771 1462 2829 aut

311 2864 430 2929 nullam
447 2885 556 2929 curam
573 2863 693 2928 habens
710 2885 820 2928 corum
838 2886 908 2949 quae
926 2864 959 2928 in
976 2864 1113 2949 propriis
1128 2863 1226 2948 ipsius
1237 2865 1327 2937 liant,
1337 2872 1462 2928 utrum·

310 2984 385 3027 nam
401 2962 484 3025 male
507 2983 548 3026 an
571 2961 652 3026 bene
676 2962 765 3039 fiant,
783 2971 821 3028 ut
841 2962 918 3028 illud
937 2964 1064 3049 quidem
1082 2963 1213 3049 dissipet
1230 2971 1265 3029 et
1280 2963 1460 3048 prohibeat,

309 3062 447 3127 alterum
462 3068 570 3125 antem
588 3062 697 3126 laudet
715 3069 748 3127 et
765 3063 924 3149 gaudeat:
941 3063 1002 3128 hoc
1018 3070 1126 3127 autem
1143 3084 1183 3127 no
1195 3062 1315 3128 homini
1332 3062 1462 3147 quidem

309 3160 417 3226 solerti
435 3162 573 3247 applicet
596 3160 674 3247 quis,
694 3162 832 3247 ¹quanto
848 3162 949 3249 magis
968 3160 1061 3227 Daoi
1106 3162 1187 3227 Post
1212 3162 1326 3227 deinde
1351 3161 1462 3227 dicant

308 3260 409 3337 nobis,
429 3260 625 3327 Utrumnam
643 3261 676 3325 in
701 3261 751 3325 his
771 3284 843 3347 quae
859 3261 970 3326 abillo
986 3260 1200 3337 continentur,
1218 3270 1252 3326 et
1269 3261 1302 3325 in
1324 3261 1462 3347 propriis

309 3360 386 3445 ojus,
408 3360 565 3426 fabricata
590 3367 665 3426 sunt
689 3360 771 3441 hoec,
796 3360 895 3425 auin
918 3361 1029 3425 alienis
1054 3369 1088 3425 et
1113 3368 1208 3426 extra
1232 3383 1305 3426 enm
1327 3360 1462 3446 positis!

310 3458 375 3525 Sed
399 3459 426 3524 si
453 3460 579 3546 quidem
614 3461 722 3525 dicant
750 3468 846 3526 extra
874 3482 957 3540 eum,
991 3460 1137 3525 similiter
1169 3461 1276 3525 omnia
1304 3459 1462 3547 praedicta

309 3559 561 3625 inconvenientia
585 3568 753 3626 occurrent
777 3560 833 3640 eis,
851 3566 885 3625 et
907 3560 1087 3625 includetur
1109 3560 1230 3645 primus
1247 3558 1337 3625 Deus
1357 3561 1399 3625 ab
1421 3580 1461 3623 eo

310 3656 364 3743 qui
380 3665 474 3723 extra
490 3665 634 3736 comest,
652 3657 685 3721 in
703 3682 765 3744 quo
783 3667 817 3724 et
834 3659 977 3725 desinere
994 3682 1066 3723 enm
1083 3682 1209 3724 necesse
1226 3659 1299 3725 erit.

387 3759 417 3821 2.
469 3756 504 3819 Si
530 3764 637 3821 autem
660 3756 693 3821 in
719 3757 828 3834 illius²,
854 3759 945 3824 valde
969 3780 1087 3824 vanum
1108 3759 1170 3824 erit
1191 3768 1311 3845 praeter
1335 3765 1463 3823 senten·

311 3854 391 3920 tiam
410 3856 487 3940 ejus,
505 3854 538 3919 in
562 3856 629 3940 ejus
654 3857 800 3942 propriis,
818 3859 860 3923 ab
878 3858 999 3946 angelis
1022 3866 1056 3924 et
1075 3858 1151 3944 ipsis
1172 3859 1226 3945 qui
1243 3866 1319 3925 eunt
1335 3860 1462 3944 ³potes-

309 3955 388 4021 tatia
405 3956 482 4041 ejus,
498 3963 555 4020 aut
578 3955 619 4021 ab
641 3956 703 4021 alio
725 3958 864 4042 quodam
881 3959 986 4024 dicere
1006 3958 1198 4023 fabricatum
1213 3981 1281 4024 esee
1297 3959 1461 4032 mnndum,

308 4064 366 4121 aut
397 4055 486 4141 quasi
515 4077 580 4121 non
611 4056 718 4121 omnia
748 4056 921 4142 prospiciat
948 4058 1024 4142 ipse,
1055 4080 1126 4143 quae
1160 4058 1226 4123 siut
1258 4058 1292 4122 in
1322 4058 1396 4133 suis,
1423 4070 1463 4121 ut

357 4222 368 4255 ¹
385 4230 473 4285 quomo
488 4223 573 4286 caspie,
586 4224 713 4289 following
723 4226 768 4274 the
778 4225 862 4274 Greek
911 4242 960 4274 ror
974 4227 1104 4289 ἐρῤωμέημ
1123 4227 1169 4285 τὴν
1189 4227 1300 4286 διάνοιαν,
1315 4227 1406 4285 patrm
1422 4225 1464 4273 lei

307 4305 484 4364 construction,
495 4304 541 4353 but
552 4306 668 4369 meaning
676 4312 764 4369 pacato
771 4305 861 4354 minsa.
911 4308 979 4355 θεοῦ.

308 4384 404 4433 (lasau
420 4390 508 4448 quotes
525 4402 541 4434 a
557 4386 651 4435 similar
672 4402 774 4449 passage
795 4386 861 4434 from
959 4385 971 4418 ²
989 4386 1101 4450 propriis
1127 4387 1149 4436 is
1175 4386 1307 4447 ceneclled,
1340 4402 1375 4435 no
1402 4385 1463 4437 MS.

310 4465 478 4515 Errrnanma
489 4467 515 4515 in
525 4467 646 4530 speaking
657 4467 686 4514 oi
700 4467 858 4526 Ptolemaeus,
909 4467 955 4516 hae
971 4468 999 4516 it.

310 4545 376 4594 ΗΜ,
391 4558 489 4595 mm.
503 4561 533 4597 a:
552 4547 631 4596 Τοῦτο
646 4550 688 4597 οὐκ
707 4548 735 4595 rr
749 4549 804 4597 otte
820 4547 862 4596 dri
959 4546 1386 4610 ⁸nnecnaau.anuaa.mding.
1411 4546 1467 4597 'rte

310 4626 434 4689 ἀνθρώπου
444 4630 593 4691 λαμβάνοιτο
601 4630 668 4692 read
678 4646 724 4678 rere
734 4630 782 4679 τῶν
793 4630 860 4690 ἑχόν·
908 4627 990 4678 Voss
1003 4627 1061 4678 MS.
1073 4627 1119 4676 hae
1129 4626 1159 4677 ia
1164 4634 1284 4691 Μέση.
