3225 5184
615 362 818 416 anennual.
1235 347 1300 411 259

150 526 289 612 reliquos
307 525 440 601 AEonas,
458 547 530 590 cum
547 523 613 590 sint
629 524 733 591 ¹vacui
747 526 875 599 tratres,
890 545 1022 590 vacuam
1037 529 1071 588 et
1087 521 1302 588 substantiam
1317 535 1466 622 baffi&

151 628 278 692 habere.
332 624 366 689 Si
389 633 498 691 autem
521 648 586 689 nou
611 633 662 691 est
687 624 845 705 emissum,
864 647 885 689 a
909 646 943 688 se
966 632 1079 689 natum
1107 631 1157 688 est
1175 630 1210 687 et
1228 643 1249 685 a
1267 610 1466 713 senff-¹1³3·

152 734 341 813 generatum
364 732 415 790 est
438 733 471 791 et
497 726 697 811 aequiparans
719 726 753 790 in
775 734 921 810 tempore
942 724 971 791 ei
989 723 1044 809 qui
1060 730 1110 788 est
1128 722 1302 788 secundum
1316 750 1463 761 —-

153 848 207 891 scs
225 825 334 911 Bytho
357 824 497 890 omnium
523 825 623 910 patri;
645 834 679 891 et
704 824 748 889 sic
772 824 914 909 ejsudem
937 832 1074 899 naturae,
1101 829 1135 888 et
1160 822 1302 907 ejusdcm

152 926 281 992 honoris
306 925 369 989 erit
391 947 523 991 vacuum
551 924 580 989 ci
606 924 659 1011 qui
682 930 732 989 est
753 924 926 988 secundum
948 946 1012 1002 eos,
1030 923 1172 989 omnium
1198 922 1300 987 Patri.

154 1026 294 1112 Oportet
305 1024 389 1089 enim
405 1024 492 1089 illum
509 1031 567 1090 aut
584 1023 731 1089 emissum
755 1045 822 1088 esse
839 1024 881 1088 ab
897 1024 1021 1109 aliquo;
1046 1030 1103 1088 aut
1120 1045 1141 1087 a
1157 1044 1191 1087 se
1207 1043 1302 1108 gene·

75 1174 79 1183 .
124 1172 130 1185 .
153 1133 269 1201 ratum,
286 1132 351 1190 eta
367 1146 401 1189 se
418 1132 530 1190 natum
549 1145 625 1189 esse.
654 1124 717 1188 Sed
735 1124 761 1187 si
780 1122 908 1207 quidem
925 1123 1072 1187 emissum
1090 1132 1140 1188 est
1156 1144 1300 1197 vacuum,

153 1246 270 1291 vacuus
286 1230 321 1289 et
337 1225 482 1310 prolator
498 1232 548 1288 est
566 1223 767 1302 Valentinus,
786 1222 877 1286 vacui
899 1230 932 1287 et
949 1229 1125 1288 sectatores
1142 1223 1218 1307 ejus.
1267 1222 1304 1287 Si

152 1332 262 1390 autem
278 1345 342 1389 non
360 1323 520 1408 prolatum
537 1331 597 1403 est,
615 1324 670 1389 sed
689 1346 709 1387 a
726 1344 759 1387 se
777 1329 965 1408 generatum
982 1330 1051 1396 est;
1075 1330 1109 1388 et
1131 1322 1233 1387 simile
1252 1330 1303 1388 est

153 1432 187 1489 et
203 1424 382 1488 fraternum
400 1430 433 1488 et
453 1423 594 1508 ejusdem
612 1422 750 1497 honoris,
767 1422 800 1485 id
823 1422 908 1506 quod
924 1430 974 1487 est
992 1443 1135 1501 vacuum,
1153 1421 1183 1486 ei
1209 1422 1303 1487 Patri

153 1523 206 1609 qui
224 1522 395 1608 praedictus
418 1531 467 1588 est
490 1546 510 1587 a
529 1521 718 1589 Valentino:
744 1520 905 1606 antiquius
927 1530 1036 1586 autem
1053 1530 1087 1587 et
1103 1522 1204 1585 multo
1227 1527 1304 1585 ante

152 1622 318 1700 exsistens,
337 1629 370 1687 et
388 1622 647 1687 honorificentius
668 1622 795 1707 reliquis
820 1620 980 1685 AEonibus
1005 1621 1103 1707 ipsius
1118 1620 1303 1685 ²Ptolomaei

152 1730 188 1788 et
205 1722 422 1800 Heraclensis,
440 1730 474 1787 et
490 1722 617 1808 reliquis
635 1722 780 1786 omnibus
798 1719 852 1805 qui
870 1721 981 1786 eadem
998 1721 1181 1806 opinantur.

228 1826 259 1889 3.
312 1820 347 1886 Si
380 1829 488 1886 autem
518 1829 553 1887 et
570 1820 723 1907 'aporiati
748 1820 782 1885 in
817 1820 866 1885 his
899 1820 1114 1885 confiteantur
1140 1820 1304 1887 continere

153 1920 260 1988 omnia
286 1920 419 1986 Patrem
447 1920 597 1999 omnium,
630 1929 664 1987 et
696 1928 790 1985 extra
819 1920 969 1986 Pleroma
999 1942 1068 1987 osse
1097 1920 1184 1998 nihil,
1216 1923 1303 2003 (nam

153 2022 324 2087 necessitas
339 2030 389 2086 est
405 2022 491 2086 omni
508 2021 602 2085 modo
620 2020 744 2085 deliniri
762 2042 834 2085 enm
852 2028 887 2087 et
901 2020 1115 2087 circumscribi
1134 2020 1176 2085 ab
1197 2021 1304 2106 aliquo

153 2122 283 2207 majore,
301 2129 336 2186 et
361 2120 394 2185 id
412 2121 499 2207 quod
525 2129 618 2186 extra
639 2128 674 2186 et
694 2120 779 2207 quod
802 2120 889 2185 intus
906 2120 1012 2185 dicere
1036 2122 1109 2185 ‘eos
1131 2121 1305 2186 secuudum

51 2240 84 2279 Μ.
95 2240 137 2278 12⁰.
153 2220 347 2307 agnitionem
365 2229 399 2287 et
416 2220 640 2307 ignorantiam,
655 2221 711 2285 sed
736 2242 800 2285 non
824 2222 999 2286 secundum
1023 2221 1155 2286 localem
1176 2228 1306 2285 senten-

153 2319 233 2385 tiam
253 2318 495 2407 [distantiam]),
522 2321 554 2385 in
581 2320 758 2406 pleromate
781 2328 900 2398 autem,
926 2321 976 2385 vel
1001 2320 1034 2384 in
1057 2321 1106 2384 his
1132 2342 1203 2404 qurc
1233 2343 1306 2385 cou-

152 2420 298 2485 tineutur
320 2443 340 2485 a
359 2420 468 2495 Patre,
486 2420 573 2485 sacta
588 2441 608 2483 a
626 2419 801 2505 Demiurgo
827 2427 885 2485 aut
905 2422 947 2485 ab
964 2421 1094 2506 angelis,
1112 2442 1306 2507 quaecunque

153 2527 188 2585 et
205 2521 291 2584 lacta
308 2520 433 2599 scimus,
453 2518 609 2584 contineri
626 2520 668 2583 ab
688 2519 892 2584 inenarrabili
914 2520 1143 2606 magnitudine,
1164 2521 1251 2586 velut
1272 2521 1306 2585 in

154 2619 271 2684 circulo
298 2626 454 2693 centmm,
475 2626 532 2683 aut
552 2617 639 2681 velut
664 2617 698 2681 in
723 2618 832 2682 tunica
853 2619 1028 2684 maculam:
1053 2620 1307 2705 primoquidem

155 2716 256 2801 qualis
274 2716 400 2803 Bythus
415 2716 476 2782 crit
496 2716 655 2781 sustinens
671 2716 705 2780 in
722 2717 792 2781 sinu
813 2739 870 2782 suo
893 2718 1050 2783 maculam
1070 2721 1150 2795 lieri,
1176 2728 1210 2785 et
1235 2743 1308 2806 per·

153 2816 286 2881 mittens
302 2817 336 2880 in
360 2817 425 2881 suis
447 2817 584 2882 alterum
605 2818 763 2901 quendam
786 2818 923 2883 condere
937 2818 986 2882 vel
1009 2821 1161 2905 proferre,
1188 2828 1307 2905 praeter

153 2938 244 2981 suam
262 2918 425 2981 mentem!
459 2916 555 2993 Quod
573 2916 701 3002 quidem
719 2917 1016 2983 ⁵indescibilitatem
1033 2921 1181 2986 universo
1197 2921 1307 2986 Plero-

153 3016 235 3081 mati
256 3018 370 3082 afferre
389 3016 557 3101 inciperet,
576 3038 649 3082 cum
674 3026 782 3103 posset
804 3019 846 3083 ab
865 3018 959 3084 initio
979 3020 1166 3087 abscindere
1191 3021 1307 3100 labem,

202 3250 314 3311 ¹Vccoi,
329 3251 460 3301 τοΰκενοΰ.
489 3250 534 3300 On.
548 3266 628 3300 occu.
659 3251 705 3299 See
756 3252 892 3301 Huccleon
909 3253 970 3302 altor
985 3252 1116 3314 locamus,
1133 3255 1177 3317 qui
1193 3269 1247 3303 nem
1264 3255 1308 3304 Vc·

153 3348 176 3396 p.
191 3330 246 3394 267,
265 3347 324 3383 ma.
757 3334 847 3382 Iustino
865 3335 945 3396 pario
965 3334 1042 3395 malit,
1063 3336 1106 3384 sed
1126 3335 1229 3384 molleto
1251 3353 1309 3398 qua·

202 3412 214 3445 ²
243 3414 382 3463 Heracleon
416 3414 466 3463 and
499 3413 615 3478 Ptolemy
643 3430 707 3463 were
757 3413 816 3461 dam
839 3415 1050 3475 monamicticais
1076 3417 1128 3464 cult
1148 3417 1228 3466 uideri
1255 3420 1309 3468 olio

153 3496 230 3545 chiess
246 3496 274 3543 of
290 3496 333 3544 the
349 3496 465 3544 Westoru
482 3500 534 3543 sect
551 3495 580 3542 cf
593 3494 707 3543 Valenti·
756 3496 850 3545 seruire.
877 3510 899 3559 5.

152 3576 233 3636 nians,
259 3590 286 3623 as
309 3576 481 3625 H1rrcnrnus
502 3576 607 3625 informs
629 3592 707 3626 us:—
806 3577 957 3641 ’lma
992 3581 1045 3629 The
1060 3582 1196 3632 bausiator
1210 3584 1311 3633 rendam

154 3660 184 3708 Ol
200 3660 244 3716 μὲν
261 3659 310 3707 ἀπὸ
327 3662 370 3719 τῆς
383 3659 493 3709 Ἰταλίας
511 3657 543 3707 ὢν
558 3660 706 3721 &mouns-
758 3659 880 3719 ἀπορῆσαι
891 3659 925 3723 by
936 3660 1080 3723 apon'clcm,
1094 3674 1169 3727 μη.
1200 3663 1242 3712 Ηο
1258 3664 1311 3713 also

154 3744 230 3790 πλέων
247 3744 287 3791 ccl
298 3743 458 3802 Πτολεμοῖος,
477 3745 564 3801 ml„
581 3741 631 3789 and
648 3741 708 3805 they
758 3756 814 3789 uses
836 3741 880 3789 the
904 3742 973 3790 word
994 3744 1068 3807 again
1092 3750 1120 3793 at
1144 3746 1187 3794 the
1209 3745 1264 3795 loct
1285 3748 1315 3797 ot

153 3839 181 3871 as
197 3823 253 3872 well
274 3840 302 3873 as
324 3824 390 3873 their
410 3828 504 3873 master
524 3838 566 3872 are
582 3822 708 3871 identified
757 3819 848 3883 p.a65.
874 3822 926 3869 Aa.
939 3822 989 3870 and
1001 3823 1082 3874 Voss.
1094 3826 1157 3873 omit
1172 3833 1200 3875 et.

153 3904 214 3953 with
236 3906 280 3954 the
300 3905 364 3954 later
381 3904 495 3953 Platonis
514 3904 564 3953 and
581 3904 707 3969 Pythago·
808 3899 819 3931 ⁴
834 3902 913 3950 Eoris
924 3904 1027 3953 omitted
1038 3906 1064 3953 in
1075 3905 1118 3954 the
1128 3907 1179 3955 Aa.
1192 3907 1250 3956 MS.

153 4001 213 4034 rean
237 3986 334 4035 schools
356 3987 385 4034 of
403 3986 560 4050 philosophy.
607 3987 710 4034 Οὐαλεν-
808 3982 940 4039 ΙἈνησιό.
954 3985 1021 4045 reici,
1041 3987 1230 4037 inlaterLatiu
1240 3990 1312 4039 made

153 4068 216 4116 τῖνος
235 4068 313 4115 τοίνυν
336 4068 376 4115 xcl
395 4068 538 4129 ’Πρακλέων
559 4066 599 4115 καὶ
619 4067 710 4115 Πτολε·
759 4063 857 4125 scibilia
870 4081 899 4113 so
910 4065 1019 4125 duciaco,
1033 4066 1129 4129 ἅεοοίοἰ,
1142 4070 1224 4118 would
1238 4073 1313 4121 make

153 4150 223 4207 patos
245 4150 286 4197 nat
308 4151 378 4198 πᾶσα
404 4148 420 4208 ἡ
450 4151 542 4198 τούτων
570 4150 659 4210 σχολὴ,
688 4149 710 4196 cl
760 4144 887 4206 mdis,
906 4146 957 4194 and
972 4146 1035 4196 irom
1055 4148 1106 4196 this
1122 4150 1270 4215 apparently
1292 4152 1313 4201 is

153 4227 298 4292 Πυθαγόρου
309 4231 350 4277 rol
361 4230 492 4279 Πλάτωνος
503 4230 619 4289 μαθηταί.
648 4226 709 4276 Pti-
760 4225 1174 4293 lormeddaatsbtcs,dcymmy.
1195 4232 1313 4281 Thetrue

155 4310 197 4359 los.
212 4322 250 4359 vr.
267 4324 306 4374 ²9,
322 4307 361 4371 36.
397 4308 431 4359 So
444 4311 498 4359 also
514 4310 557 4358 the
579 4308 670 4358 author
685 4308 714 4356 ot
761 4308 892 4373 read'mgI
907 4310 1057 4373 imaginato
1074 4312 1105 4361 be
1121 4312 1179 4361 iude
1194 4313 1313 4363 docibili·

155 4392 198 4440 the
213 4390 321 4440 Libellus
334 4390 464 4455 appended
476 4395 503 4438 to
517 4388 711 4437 harnmmn’s
760 4396 838 4439 latera
873 4390 953 4440 There
965 4392 987 4440 is
1002 4408 1035 4440 nc
1052 4393 1168 4442 evidence
1183 4393 1210 4442 iu
1226 4395 1315 4445 favour

156 4472 321 4536 Paternum,
341 4473 405 4521 atter
421 4472 579 4534 mentioning
596 4469 712 4534 Ptolemy
761 4471 790 4519 ol
803 4470 997 4534 iothodllitotem,
1014 4488 1042 4522 as
1058 4474 1158 4537 printed
1171 4476 1199 4524 in
1209 4476 1253 4526 the
1263 4494 1314 4527 aar·

159 4554 209 4603 and
235 4553 374 4617 Secundus,
398 4552 468 4613 adda
492 4551 578 4602 mairie
596 4556 712 4615 proaem
760 4551 931 4602 liereditions.
