3225 5184
468 453 561 518 oum
588 451 790 506 srunnmm
816 451 980 506 numam.
1227 435 1295 500 333

141 605 222 688 Quia
243 611 350 671 autem
370 604 439 672 haec
459 607 607 672 undecim
629 606 755 695 quidem
780 606 873 672 annis
897 626 991 692 passa
1011 611 1071 684 0⁸22
1097 611 1131 671 0l
1155 623 1219 668 ⁰⁰¹¹
1245 607 1295 668 “l
1329 620 1429 706 ,ἓξὲξ

138 718 259 788 sanata,
275 706 458 775 duodecimo
479 719 586 776 autem
607 733 691 776 anno
711 719 824 776 sanata
845 719 905 790 est,
926 731 1063 797 quonam
1082 707 1177 772 modo
1191 714 1295 793 potest
1321 713 1443 801 ffislgffy

138 833 207 877 esse
228 821 321 898 typus
343 813 519 878 duodecimi
543 814 672 892 AEonis,
696 813 872 902 exquibus
896 813 1043 878 undecim
1068 810 1196 876 omnino
1217 808 1295 875 nihil
1340 807 1399 845 ¹¹³³·
1410 808 1426 844 ¹·

24 975 30 1001 ,
137 914 223 1000 passi
243 923 327 992 sunt,
351 913 436 980 solus
457 923 563 980 autem
585 915 786 981 duodecimus
807 915 1013 1001 participatus
1033 923 1083 980 est
1097 914 1295 1000 passionem!

140 1017 247 1102 Typus
261 1017 345 1082 enim
359 1025 392 1082 et
406 1017 510 1104 imago
529 1019 699 1083 secundum
716 1019 891 1096 materiam,
906 1027 940 1084 et
958 1019 1130 1084 secundum
1149 1018 1294 1083 substan·

138 1120 226 1184 tiam'
237 1120 401 1207 aliquoties
414 1143 435 1187 a
449 1121 579 1188 raritate
593 1121 733 1187 disemus
754 1130 822 1187 est:
846 1121 1018 1187 secundum
1031 1128 1138 1186 autem
1152 1121 1296 1186 habitum

138 1231 172 1288 et
192 1223 416 1288 lineamentum
437 1223 531 1290 debet
552 1246 676 1290 servare
695 1225 941 1302 similitudinem,
966 1233 1000 1290 et
1024 1224 1169 1290 similiter
1190 1233 1295 1290 osten·

138 1325 212 1390 dere
227 1347 282 1411 per
295 1327 463 1411 praesentia
478 1327 531 1391 illa
545 1349 615 1414 quae
630 1349 694 1392 non
708 1336 783 1394 sunt
797 1329 976 1413 prsesentia.

205 1433 236 1494 2.
281 1427 327 1493 Et
344 1450 407 1493 non
428 1430 530 1494 solum
552 1432 585 1495 iu
608 1432 668 1496 hac
689 1431 817 1496 muliere
839 1433 913 1496 anni
933 1432 1125 1497 infirmitatis
1146 1432 1294 1518 descripti

138 1537 222 1608 sunt,
238 1552 316 1617 quos
331 1533 469 1617 coaptari
491 1532 600 1598 dicunt
616 1533 768 1621 figmento
788 1555 858 1611 suo,
880 1535 937 1599 sed
954 1555 1027 1599 ecce
1048 1542 1080 1599 et
1102 1533 1165 1599 alia
1186 1535 1296 1599 mulier

138 1632 282 1698 similiter
305 1657 397 1698 xvur
417 1635 507 1700 annis
529 1636 695 1714 infirmata,
713 1643 826 1700 sanata
846 1645 905 1715 est,
920 1637 960 1702 de
974 1657 1038 1722 qua
1052 1636 1207 1702 Dominus
1228 1636 1292 1700 ait:
1504 1696 1506 1700 ,

139 1734 349 1802 Hermerotem
360 1737 469 1817 filiam
482 1737 631 1816 Abroloe,
647 1760 739 1824 quom
753 1739 898 1823 clliyaoit
915 1740 1052 1804 Sotacus
1073 1739 1171 1803 decem
1186 1748 1214 1802 et
1232 1749 1453 1804 coloramus.

139 1838 241 1916 cuais,
257 1859 317 1904 oon
335 1837 487 1924 oportebat
500 1841 576 1904 solui
591 1843 625 1906 io
641 1841 692 1906 dic
703 1840 848 1906 sublati?
885 1842 920 1908 Si
942 1862 1017 1929 ergo
1039 1841 1092 1906 illa
1112 1851 1207 1928 typus
1227 1850 1296 1908 erat

21 1941 22 1948 ’
53 1995 57 2004 .
108 1995 113 2005 ,
139 1939 313 2005 duodecimi
329 1943 449 2007 AEonis
468 1943 562 2028 passi,
582 1951 616 2008 et
637 1944 706 2010 haec
727 1952 821 2030 typus
841 1967 911 2010 esse
925 1944 1037 2010 decimi
1055 1945 1157 2010 octavi
1180 1946 1296 2010 AEonis

21 2027 26 2062 ²
138 2043 338 2128 possidebat.
385 2045 448 2110 Sed
467 2069 530 2110 non
553 2048 671 2113 habent
692 2049 873 2114 ostendere:
897 2049 1034 2135 alioquin
1048 2049 1149 2133 prima
1163 2057 1197 2114 et
1211 2049 1294 2133 prin-

21 2131 25 2156 '
138 2147 245 2233 cipalis
266 2169 375 2214 eorum
395 2149 523 2232 Ogdoas
544 2152 817 2216 connumerabitur
831 2153 1002 2238 compassio
1017 2153 1185 2218 AEonibus.
1231 2153 1295 2218 Sed

137 2257 171 2314 et
191 2249 271 2316 alius
292 2259 398 2316 autem
419 2253 545 2340 quidam
567 2263 695 2320 sanatur
709 2276 729 2319 a
744 2255 881 2320 Domino
896 2278 1038 2320 xxxvru
1061 2278 1160 2321 anuos
1175 2257 1415 2322 habensrmvn.

137 2353 170 2418 in
184 2376 242 2418 sua
251 2357 410 2440 passione:
428 2364 461 2421 et
474 2357 670 2444 trigesimum
683 2365 717 2422 et
730 2367 875 2424 octavum
886 2381 1014 2444 passum
1026 2360 1165 2424 AEonem
1177 2360 1292 2424 dicant

138 2456 172 2520 Si
195 2457 279 2521 enim
301 2480 370 2544 quse
388 2479 408 2522 a
424 2459 560 2524 Domino
574 2460 757 2537 factasunt,
779 2470 872 2547 typos
888 2483 957 2526 esse
972 2461 1080 2526 dicunt
1094 2484 1201 2526 eorum
1223 2484 1293 2549 quae

136 2566 211 2622 sunt
232 2558 266 2620 in
285 2559 473 2639 Pleromate,
496 2568 589 2647 typus
611 2563 643 2625 in
664 2563 809 2627 omnibus
830 2563 924 2627 debet
945 2564 1071 2629 servari.
1116 2564 1180 2628 Sed
1194 2585 1294 2650 neque

137 2683 207 2728 eam
222 2684 292 2749 quae
306 2671 379 2746 post
395 2685 486 2727 xv111
501 2683 601 2727 annos
622 2671 731 2728 curata
751 2672 811 2742 est,
834 2685 891 2728 neo
907 2685 979 2727 eum
993 2664 1046 2751 qui
1061 2671 1133 2748 post
1148 2688 1293 2728 xxxvru

137 2788 236 2832 annos
265 2775 393 2832 curatus
413 2774 473 2844 est,
499 2775 631 2851 possunt
656 2769 805 2852 adaptare
837 2789 895 2832 suo
920 2768 1082 2855 figmento.
1135 2768 1294 2833 Insulsum

136 2878 242 2934 autem
258 2878 291 2934 et
305 2870 523 2935 inconveniens
538 2877 587 2935 est
602 2871 778 2936 omnimodo
794 2870 897 2936 dicere
917 2871 949 2935 in
968 2872 1151 2959 quibusdam
1169 2871 1294 2959 quidem

136 2995 276 3039 servasse
301 2982 411 3060 typum
438 2973 641 3053 Salvatorem,
666 2974 698 3038 in
719 2975 906 3061 quibusdam
928 2984 1035 3042 autern
1057 2997 1119 3039 non
1142 2997 1293 3042 servasse.

138 3079 308 3144 Dissimilis
322 3101 397 3166 ergo
411 3087 443 3144 et
457 3079 594 3144 mulieris
608 3088 702 3165 typus
717 3081 844 3168 negotio
859 3085 989 3146 ¹eorum
1003 3080 1189 3146 ostenditur.

202 3187 232 3249 3.
278 3182 393 3247 Adhuc
407 3191 513 3247 autem
528 3191 560 3248 et
575 3183 686 3248 falsum
702 3182 898 3248 demonstrat
912 3191 1123 3248 commentum
1137 3203 1246 3247 eorum
1261 3191 1294 3246 et

136 3285 280 3350 instabile
299 3285 484 3372 figmentum
504 3305 612 3350 eorum
634 3283 730 3349 etiam
751 3284 812 3350 hoo
834 3285 946 3370 ipsum,
968 3285 1052 3372 quod
1071 3305 1126 3368 per
1146 3304 1293 3346 numeros

135 3389 301 3476 aliquando
324 3389 447 3476 quidem
470 3397 502 3454 et
522 3411 578 3475 per
594 3389 730 3477 syllabas
752 3390 923 3470 nominum,
944 3389 1110 3476 aliquando
1131 3394 1238 3452 autem
1260 3396 1294 3454 et

136 3516 192 3578 per
205 3495 393 3581 syllabarum
406 3493 522 3572 literas,
537 3492 703 3579 aliquando
724 3515 796 3559 vero
818 3501 852 3558 et
872 3515 929 3578 per
945 3513 1100 3570 numeros,
1115 3490 1169 3577 qui
1183 3512 1293 3555 secun·

136 3599 210 3663 dum
237 3599 366 3664 Graecos
387 3598 420 3662 in
441 3597 539 3664 literis
561 3597 769 3676 continentur,
791 3605 917 3663 tentant
938 3597 1051 3662 inferre
1069 3595 1290 3681 probationem

134 3702 329 3788 apertissime
351 3701 644 3779 consternationem,
669 3700 733 3766 sire
754 3701 979 3780 confusionem,
1002 3709 1035 3767 et
1057 3698 1294 3764 instabilitatem

135 3805 274 3871 scientiae
297 3826 405 3871 eorum
430 3813 463 3870 et
486 3812 645 3870 extortum
667 3805 888 3872 ²demonstrat.
941 3806 1040 3871 Jesus
1069 3803 1155 3868 enim
1179 3823 1293 3868 nomen

184 4003 259 4054 ¹'I'hs
266 4004 310 4054 011·
320 4005 474 4068 followedby
482 4003 689 4053 Mass.hasAEo-
738 4005 845 4061 lissima·
866 4005 983 4053 Suum
1000 4021 1058 4068 says
1074 4011 1136 4067 post,
1156 4007 1291 4060 extortum,

135 4103 203 4136 aum.
232 4088 285 4136 Tho
297 4088 383 4136 earlier
395 4088 457 4136 Edd.
471 4087 688 4150 caputioAEoaum.
739 4085 1068 4148 aoidtbceaoccmaliqrmm,
1080 4085 1235 4149 mysterium,
1250 4090 1293 4130 aut

137 4171 200 4234 May
207 4174 253 4218 not
263 4169 358 4232 nepotis
364 4185 446 4218 eorum
453 4170 516 4218 bave
523 4170 584 4218 been
590 4169 689 4217 written
738 4169 817 4217 manile
827 4168 895 4232 quid,
910 4167 1072 4216 manuvea.
1096 4167 1149 4216 But
1157 4165 1208 4213 lilre
1219 4179 1293 4227 every

136 4253 175 4301 for
186 4253 202 4310 ὴ
213 4255 303 4301 τούτων
317 4253 440 4314 ἀπόφασις
452 4252 635 4300 drodslrrurccl
739 4252 812 4300 other
825 4251 929 4300 obscure
939 4265 1044 4313 passage
1056 4249 1079 4297 it
1094 4247 1182 4297 should
1192 4247 1223 4295 bs
1234 4246 1293 4294 read

185 4333 373 4390 ”domnam
401 4334 501 4382 various
525 4332 641 4382 mathods
664 4332 694 4381 of
739 4332 922 4392 intthrsok,
937 4331 1073 4380 ecOrt'eate
1086 4330 1136 4389 luae,
1150 4330 1211 4377 αὐτὸ
1220 4329 1294 4376 τοῦτο

135 4416 216 4480 filling
233 4421 279 4466 out
298 4417 341 4466 tha
358 4416 529 4465 construction
546 4415 610 4463 bave
628 4415 690 4463 been
741 4415 990 4477 ...porepdrororlp
1000 4412 1145 4473 ἀνατροπὴν,
1154 4411 1194 4458 καὶ
1201 4410 1231 4457 τὸ
1238 4409 1294 4456 dot»

134 4497 264 4563 proposed.
284 4497 410 4557 Gutus„
423 4496 543 4547 uuonan.
553 4495 603 4544 and
615 4495 689 4544 Mas·
740 4513 832 4546 στατον
845 4497 889 4554 τῆς
898 4495 1010 4555 γνώσεως
1020 4494 1100 4541 αὐτῶν
1110 4493 1151 4541 rol
1166 4493 1294 4551 ἔξεστραμ·

136 4581 448 4629 suarrssddenwnremm.
473 4576 688 4640 Ssunrudnrtct.
739 4577 978 4635 monstrabamus
1007 4573 1062 4622 Sive
1074 4569 1295 4634 cmfrcionembns

135 4661 188 4710 Soc.
196 4661 252 4712 aar,
257 4661 324 4725 len.)
329 4661 381 4711 also
386 4659 689 4726 suppliesuoecaaerape··
739 4658 782 4706 the
798 4671 952 4722 appearance
962 4655 992 4703 of
1003 4669 1019 4702 a
1029 4651 1153 4717 marginal
1162 4650 1239 4716 glotta
