<?xml version="1.0" encoding="UTF-8"?>
<!DOCTYPE html PUBLIC "-//W3C//DTD XHTML 1.0 Transitional//EN"
    "http://www.w3.org/TR/xhtml1/DTD/xhtml1-transitional.dtd">
<html xmlns="http://www.w3.org/1999/xhtml" xml:lang="en" lang="en">
 <head>
  <title>
</title>
<meta http-equiv="Content-Type" content="text/html;charset=utf-8" />
  <meta name='ocr-system' content='tesseract 3.04.00' />
  <meta name='ocr-capabilities' content='ocr_page ocr_carea ocr_par ocr_line ocrx_word'/>
</head>
<body>
  <div class='ocr_page' id='page_1' title='image "./sanctiirenilibr01irengoog_0463.png"; bbox 0 0 3225 5184; ppageno 0'>
   <div class='ocr_carea' id='block_1_1' title="bbox 503 413 1308 485">
    <p class='ocr_par' dir='ltr' id='par_1_1' title="bbox 503 413 1308 485">
     <span class='ocr_line' id='line_1_1' title="bbox 503 413 1308 485; baseline -0.009 0"><span class='ocrx_word' id='word_1_1' title='bbox 503 430 785 485; x_wconf 80' lang='lat' dir='ltr'><strong>UNIVERSORUM</strong></span> <span class='ocrx_word' id='word_1_2' title='bbox 813 430 951 485; x_wconf 74' lang='lat' dir='ltr'>lusae.</span> <span class='ocrx_word' id='word_1_3' title='bbox 1238 413 1308 479; x_wconf 83' lang='lat'><strong>265&#39;</strong></span> 
     </span>
    </p>
   </div>
   <div class='ocr_carea' id='block_1_2' title="bbox 1318 602 1471 688">
    <p class='ocr_par' dir='ltr' id='par_1_2' title="bbox 1318 602 1471 688">
     <span class='ocr_line' id='line_1_2' title="bbox 1318 602 1471 643; baseline -0.013 0"><span class='ocrx_word' id='word_1_4' title='bbox 1318 602 1371 643; x_wconf 76' lang='lat' dir='ltr'>tm</span> <span class='ocrx_word' id='word_1_5' title='bbox 1381 602 1410 642; x_wconf 84' lang='lat' dir='ltr'>n.</span> <span class='ocrx_word' id='word_1_6' title='bbox 1419 613 1440 641; x_wconf 83' lang='lat' dir='ltr'>v.</span> <span class='ocrx_word' id='word_1_7' title='bbox 1449 604 1471 641; x_wconf 86' lang='lat'>1.</span> 
     </span>
     <span class='ocr_line' id='line_1_3' title="bbox 1330 648 1456 688; baseline -0.008 0"><span class='ocrx_word' id='word_1_8' title='bbox 1330 650 1375 688; x_wconf 76' lang='lat' dir='ltr'>GR</span> <span class='ocrx_word' id='word_1_9' title='bbox 1387 648 1456 688; x_wconf 53' lang='lat'>11³1.</span> 
     </span>
    </p>
   </div>
   <div class='ocr_carea' id='block_1_3' title="bbox 640 695 1453 781">
    <p class='ocr_par' dir='ltr' id='par_1_3' title="bbox 640 695 1453 781">
     <span class='ocr_line' id='line_1_4' title="bbox 640 695 1453 781; baseline -0.006 -16"><span class='ocrx_word' id='word_1_10' title='bbox 640 700 741 765; x_wconf 73' lang='lat' dir='ltr'>oar.</span> <span class='ocrx_word' id='word_1_11' title='bbox 767 696 812 766; x_wconf 86' lang='lat' dir='ltr'>v.</span> <span class='ocrx_word' id='word_1_12' title='bbox 1171 738 1175 744; x_wconf 75' lang='lat'><em>‚</em></span> <span class='ocrx_word' id='word_1_13' title='bbox 1336 695 1453 781; x_wconf 56' lang='lat' dir='ltr'>affia-</span> 
     </span>
    </p>
   </div>
   <div class='ocr_carea' id='block_1_4' title="bbox 1320 814 1468 828">
    <p class='ocr_par' dir='ltr' id='par_1_4' title="bbox 1320 814 1468 828">
     <span class='ocr_line' id='line_1_5' title="bbox 1320 814 1468 828; baseline -0.007 -3"><span class='ocrx_word' id='word_1_14' title='bbox 1320 814 1468 828; x_wconf 73' lang='lat'>--—-</span> 
     </span>
    </p>
   </div>
   <div class='ocr_carea' id='block_1_5' title="bbox 153 845 1308 1179">
    <p class='ocr_par' dir='ltr' id='par_1_5' title="bbox 153 845 1308 1179">
     <span class='ocr_line' id='line_1_6' title="bbox 153 845 1306 947; baseline 0 -25"><span class='ocrx_word' id='word_1_15' title='bbox 153 845 317 923; x_wconf 81' lang='lat' dir='ltr'>Osteosio</span> <span class='ocrx_word' id='word_1_16' title='bbox 345 874 419 923; x_wconf 80' lang='lat' dir='ltr'>mort</span> <span class='ocrx_word' id='word_1_17' title='bbox 445 874 517 923; x_wconf 87' lang='lat' dir='ltr'>esse</span> <span class='ocrx_word' id='word_1_18' title='bbox 546 874 629 923; x_wconf 83' lang='lat' dir='ltr'>eom</span> <span class='ocrx_word' id='word_1_19' title='bbox 658 875 737 947; x_wconf 76' lang='lat' dir='ltr'>pram</span> <span class='ocrx_word' id='word_1_20' title='bbox 765 862 814 923; x_wconf 79' lang='lat' dir='ltr'>est</span> <span class='ocrx_word' id='word_1_21' title='bbox 840 848 1038 924; x_wconf 75' lang='lat' dir='ltr'>seeundum</span> <span class='ocrx_word' id='word_1_22' title='bbox 1067 873 1133 924; x_wconf 79' lang='lat' dir='ltr'>asos</span> <span class='ocrx_word' id='word_1_23' title='bbox 1163 861 1306 924; x_wconf 83' lang='lat' dir='ltr'>oreatu-</span> 
     </span>
     <span class='ocr_line' id='line_1_7' title="bbox 227 964 1308 1065; baseline 0.001 -26"><span class='ocrx_word' id='word_1_24' title='bbox 227 991 314 1039; x_wconf 88' lang='lat' dir='ltr'>rom</span> <span class='ocrx_word' id='word_1_25' title='bbox 330 964 531 1063; x_wconf 67' lang='lat' dir='ltr'>imaginem</span> <span class='ocrx_word' id='word_1_26' title='bbox 545 966 767 1042; x_wconf 76' lang='lat' dir='ltr'><strong><em>Pleromatis</em></strong></span> <span class='ocrx_word' id='word_1_27' title='bbox 783 992 918 1059; x_wconf 78' lang='lat' dir='ltr'>eoram,</span> <span class='ocrx_word' id='word_1_28' title='bbox 935 992 1049 1065; x_wconf 73' lang='lat' dir='ltr'>nepam</span> <span class='ocrx_word' id='word_1_29' title='bbox 1058 964 1308 1065; x_wconf 65' lang='lat' dir='ltr'>Demiurgum</span> 
     </span>
     <span class='ocr_line' id='line_1_8' title="bbox 232 1080 431 1179; baseline 0 -24"><span class='ocrx_word' id='word_1_30' title='bbox 232 1080 431 1179; x_wconf 70' lang='lat' dir='ltr'>Unigenita&#39;.</span> 
     </span>
    </p>
   </div>
   <div class='ocr_carea' id='block_1_6' title="bbox 54 1230 1385 3914">
    <p class='ocr_par' dir='ltr' id='par_1_6' title="bbox 151 1230 1385 2150">
     <span class='ocr_line' id='line_1_9' title="bbox 153 1230 1307 1319; baseline 0.002 -22"><span class='ocrx_word' id='word_1_31' title='bbox 153 1234 184 1299; x_wconf 93' lang='lat'>1.</span> <span class='ocrx_word' id='word_1_32' title='bbox 229 1232 433 1297; x_wconf 75' lang='lat' dir='ltr'>Iouonuurn</span> <span class='ocrx_word' id='word_1_33' title='bbox 462 1230 568 1319; x_wconf 87' lang='lat' dir='ltr'>itaque</span> <span class='ocrx_word' id='word_1_34' title='bbox 598 1230 770 1319; x_wconf 85' lang='lat' dir='ltr'>Demiurgo</span> <span class='ocrx_word' id='word_1_35' title='bbox 799 1232 951 1313; x_wconf 89' lang='lat' dir='ltr'>universa,</span> <span class='ocrx_word' id='word_1_36' title='bbox 977 1232 1170 1299; x_wconf 87' lang='lat' dir='ltr'>Salvatorem</span> <span class='ocrx_word' id='word_1_37' title='bbox 1198 1233 1307 1299; x_wconf 84' lang='lat' dir='ltr'>dieunt</span> 
     </span>
     <span class='ocr_line' id='line_1_10' title="bbox 151 1335 1385 1422; baseline -0.006 -21"><span class='ocrx_word' id='word_1_38' title='bbox 151 1335 321 1403; x_wconf 82' lang='lat' dir='ltr'>honorasse</span> <span class='ocrx_word' id='word_1_39' title='bbox 345 1336 491 1401; x_wconf 82' lang='lat' dir='ltr'>Pleroma</span> <span class='ocrx_word' id='word_1_40' title='bbox 516 1336 550 1400; x_wconf 96' lang='lat' dir='ltr'>in</span> <span class='ocrx_word' id='word_1_41' title='bbox 576 1336 751 1401; x_wconf 85' lang='lat' dir='ltr'>conditione</span> <span class='ocrx_word' id='word_1_42' title='bbox 775 1359 831 1422; x_wconf 90' lang='lat' dir='ltr'>per</span> <span class='ocrx_word' id='word_1_43' title='bbox 857 1338 1006 1415; x_wconf 85' lang='lat' dir='ltr'>Matrem,</span> <span class='ocrx_word' id='word_1_44' title='bbox 1033 1336 1251 1402; x_wconf 80' lang='lat' dir='ltr'><strong>similitudines</strong></span> <span class='ocrx_word' id='word_1_45' title='bbox 1272 1345 1305 1401; x_wconf 89' lang='lat' dir='ltr'>et</span> <span class='ocrx_word' id='word_1_46' title='bbox 1317 1353 1385 1395; x_wconf 75' lang='lat' dir='ltr'>aaa</span> 
     </span>
     <span class='ocr_line' id='line_1_11' title="bbox 151 1439 1307 1529; baseline -0.003 -23"><span class='ocrx_word' id='word_1_47' title='bbox 151 1440 305 1529; x_wconf 79' lang='lat' dir='ltr'><strong>imagines</strong></span> <span class='ocrx_word' id='word_1_48' title='bbox 333 1462 440 1505; x_wconf 88' lang='lat' dir='ltr'>eorum</span> <span class='ocrx_word' id='word_1_49' title='bbox 464 1462 534 1528; x_wconf 86' lang='lat' dir='ltr'>quae</span> <span class='ocrx_word' id='word_1_50' title='bbox 562 1463 684 1507; x_wconf 88' lang='lat' dir='ltr'>sursum</span> <span class='ocrx_word' id='word_1_51' title='bbox 713 1450 787 1506; x_wconf 89' lang='lat' dir='ltr'>sunt</span> <span class='ocrx_word' id='word_1_52' title='bbox 816 1441 1022 1507; x_wconf 87' lang='lat' dir='ltr'>emittentem.</span> <span class='ocrx_word' id='word_1_53' title='bbox 1067 1440 1131 1506; x_wconf 86' lang='lat' dir='ltr'>Sed</span> <span class='ocrx_word' id='word_1_54' title='bbox 1159 1439 1307 1527; x_wconf 90' lang='lat' dir='ltr'>quoniam</span> 
     </span>
     <span class='ocr_line' id='line_1_12' title="bbox 152 1540 1307 1631; baseline -0.001 -23"><span class='ocrx_word' id='word_1_55' title='bbox 152 1544 276 1631; x_wconf 91' lang='lat' dir='ltr'>quidem</span> <span class='ocrx_word' id='word_1_56' title='bbox 286 1540 475 1629; x_wconf 88' lang='lat' dir='ltr'>impossibile</span> <span class='ocrx_word' id='word_1_57' title='bbox 484 1552 561 1622; x_wconf 86' lang='lat' dir='ltr'>erat,</span> <span class='ocrx_word' id='word_1_58' title='bbox 573 1551 662 1609; x_wconf 86' lang='lat' dir='ltr'>extra</span> <span class='ocrx_word' id='word_1_59' title='bbox 673 1544 819 1607; x_wconf 78' lang='lat' dir='ltr'>Pleroma</span> <span class='ocrx_word' id='word_1_60' title='bbox 826 1566 895 1609; x_wconf 75' lang='lat' dir='ltr'>asse</span> <span class='ocrx_word' id='word_1_61' title='bbox 903 1543 1027 1629; x_wconf 90' lang='lat' dir='ltr'>aliquid,</span> <span class='ocrx_word' id='word_1_62' title='bbox 1038 1543 1071 1606; x_wconf 94' lang='lat' dir='ltr'>in</span> <span class='ocrx_word' id='word_1_63' title='bbox 1081 1564 1143 1629; x_wconf 93' lang='lat' dir='ltr'>quo</span> <span class='ocrx_word' id='word_1_64' title='bbox 1155 1540 1307 1627; x_wconf 76' lang='lat' dir='ltr'><strong>imagines</strong></span> 
     </span>
     <span class='ocr_line' id='line_1_13' title="bbox 152 1644 1308 1735; baseline -0.003 -22"><span class='ocrx_word' id='word_1_65' title='bbox 152 1648 261 1715; x_wconf 84' lang='lat' dir='ltr'>dieunt</span> <span class='ocrx_word' id='word_1_66' title='bbox 276 1650 375 1715; x_wconf 84' lang='lat' dir='ltr'>laetas</span> <span class='ocrx_word' id='word_1_67' title='bbox 389 1671 458 1714; x_wconf 89' lang='lat' dir='ltr'>esse</span> <span class='ocrx_word' id='word_1_68' title='bbox 478 1670 585 1713; x_wconf 88' lang='lat' dir='ltr'>eorum</span> <span class='ocrx_word' id='word_1_69' title='bbox 607 1649 658 1735; x_wconf 93' lang='lat' dir='ltr'>qui</span> <span class='ocrx_word' id='word_1_70' title='bbox 677 1656 753 1713; x_wconf 91' lang='lat' dir='ltr'>sunt</span> <span class='ocrx_word' id='word_1_71' title='bbox 769 1647 852 1712; x_wconf 91' lang='lat' dir='ltr'>intra</span> <span class='ocrx_word' id='word_1_72' title='bbox 867 1648 1022 1725; x_wconf 81' lang='lat' dir='ltr'>Pleroma,</span> <span class='ocrx_word' id='word_1_73' title='bbox 1038 1645 1086 1710; x_wconf 91' lang='lat' dir='ltr'>vel</span> <span class='ocrx_word' id='word_1_74' title='bbox 1100 1647 1141 1710; x_wconf 92' lang='lat' dir='ltr'>ab</span> <span class='ocrx_word' id='word_1_75' title='bbox 1154 1644 1216 1709; x_wconf 89' lang='lat' dir='ltr'>alio</span> <span class='ocrx_word' id='word_1_76' title='bbox 1231 1666 1308 1731; x_wconf 91' lang='lat' dir='ltr'>quo-</span> 
     </span>
     <span class='ocr_line' id='line_1_14' title="bbox 153 1746 1306 1839; baseline -0.004 -22"><span class='ocrx_word' id='word_1_77' title='bbox 153 1754 226 1817; x_wconf 92' lang='lat' dir='ltr'>dam</span> <span class='ocrx_word' id='word_1_78' title='bbox 247 1761 361 1839; x_wconf 83' lang='lat' dir='ltr'>praeter</span> <span class='ocrx_word' id='word_1_79' title='bbox 378 1751 512 1838; x_wconf 91' lang='lat' dir='ltr'>primum</span> <span class='ocrx_word' id='word_1_80' title='bbox 528 1751 631 1816; x_wconf 91' lang='lat' dir='ltr'>Deum</span> <span class='ocrx_word' id='word_1_81' title='bbox 653 1750 795 1816; x_wconf 84' lang='lat' dir='ltr'>fabricari</span> <span class='ocrx_word' id='word_1_82' title='bbox 817 1751 900 1817; x_wconf 89' lang='lat' dir='ltr'>hune</span> <span class='ocrx_word' id='word_1_83' title='bbox 922 1750 1082 1827; x_wconf 91' lang='lat' dir='ltr'>mundum,</span> <span class='ocrx_word' id='word_1_84' title='bbox 1102 1746 1306 1813; x_wconf 80' lang='lat' dir='ltr'>ostendimus.</span> 
     </span>
     <span class='ocr_line' id='line_1_15' title="bbox 155 1853 1308 1942; baseline -0.004 -20"><span class='ocrx_word' id='word_1_85' title='bbox 155 1853 189 1922; x_wconf 93' lang='lat' dir='ltr'>Si</span> <span class='ocrx_word' id='word_1_86' title='bbox 210 1867 316 1923; x_wconf 88' lang='lat' dir='ltr'>autem</span> <span class='ocrx_word' id='word_1_87' title='bbox 337 1878 431 1922; x_wconf 90' lang='lat' dir='ltr'>suave</span> <span class='ocrx_word' id='word_1_88' title='bbox 452 1866 502 1922; x_wconf 89' lang='lat' dir='ltr'>est</span> <span class='ocrx_word' id='word_1_89' title='bbox 523 1856 658 1942; x_wconf 87' lang='lat' dir='ltr'>undique</span> <span class='ocrx_word' id='word_1_90' title='bbox 680 1866 816 1920; x_wconf 88' lang='lat' dir='ltr'>evertere</span> <span class='ocrx_word' id='word_1_91' title='bbox 838 1878 902 1934; x_wconf 89' lang='lat' dir='ltr'>eos,</span> <span class='ocrx_word' id='word_1_92' title='bbox 924 1864 958 1919; x_wconf 91' lang='lat' dir='ltr'>et</span> <span class='ocrx_word' id='word_1_93' title='bbox 978 1855 1144 1919; x_wconf 85' lang='lat' dir='ltr'>mendaoes</span> <span class='ocrx_word' id='word_1_94' title='bbox 1167 1874 1308 1939; x_wconf 85' lang='lat' dir='ltr'>arguere,</span> 
     </span>
     <span class='ocr_line' id='line_1_16' title="bbox 153 1958 1309 2046; baseline -0.002 -23"><span class='ocrx_word' id='word_1_95' title='bbox 153 1958 292 2027; x_wconf 84' lang='lat' dir='ltr'>disemus</span> <span class='ocrx_word' id='word_1_96' title='bbox 313 1961 460 2025; x_wconf 88' lang='lat' dir='ltr'>adversus</span> <span class='ocrx_word' id='word_1_97' title='bbox 477 1981 541 2038; x_wconf 91' lang='lat' dir='ltr'>eos,</span> <span class='ocrx_word' id='word_1_98' title='bbox 557 1960 702 2046; x_wconf 92' lang='lat' dir='ltr'>quoniam</span> <span class='ocrx_word' id='word_1_99' title='bbox 722 1960 749 2023; x_wconf 92' lang='lat' dir='ltr'>si</span> <span class='ocrx_word' id='word_1_100' title='bbox 768 1959 800 2022; x_wconf 93' lang='lat' dir='ltr'>in</span> <span class='ocrx_word' id='word_1_101' title='bbox 816 1959 964 2024; x_wconf 89' lang='lat' dir='ltr'>bonorem</span> <span class='ocrx_word' id='word_1_102' title='bbox 979 1981 1086 2024; x_wconf 91' lang='lat' dir='ltr'>eorum</span> <span class='ocrx_word' id='word_1_103' title='bbox 1101 1981 1170 2046; x_wconf 89' lang='lat' dir='ltr'>quae</span> <span class='ocrx_word' id='word_1_104' title='bbox 1184 1978 1309 2023; x_wconf 90' lang='lat' dir='ltr'>sursum</span> 
     </span>
     <span class='ocr_line' id='line_1_17' title="bbox 154 2062 1307 2150; baseline -0.004 -21"><span class='ocrx_word' id='word_1_105' title='bbox 154 2068 255 2142; x_wconf 90' lang='lat' dir='ltr'>¹suut,</span> <span class='ocrx_word' id='word_1_106' title='bbox 276 2066 359 2129; x_wconf 82' lang='lat' dir='ltr'>laeta</span> <span class='ocrx_word' id='word_1_107' title='bbox 379 2072 453 2129; x_wconf 90' lang='lat' dir='ltr'>sunt</span> <span class='ocrx_word' id='word_1_108' title='bbox 473 2064 541 2129; x_wconf 90' lang='lat' dir='ltr'>haee</span> <span class='ocrx_word' id='word_1_109' title='bbox 561 2062 732 2128; x_wconf 87' lang='lat' dir='ltr'>seeundum</span> <span class='ocrx_word' id='word_1_110' title='bbox 754 2062 877 2127; x_wconf 90' lang='lat' dir='ltr'>illorum</span> <span class='ocrx_word' id='word_1_111' title='bbox 900 2063 1068 2150; x_wconf 83' lang='lat' dir='ltr'><strong>imaginem</strong></span> <span class='ocrx_word' id='word_1_112' title='bbox 1092 2086 1113 2128; x_wconf 89' lang='lat' dir='ltr'>a</span> <span class='ocrx_word' id='word_1_113' title='bbox 1137 2062 1307 2138; x_wconf 82' lang='lat' dir='ltr'>Salvatore,</span> 
     </span>
    </p>

    <p class='ocr_par' dir='ltr' id='par_1_7' title="bbox 54 2168 1314 3601">
     <span class='ocr_line' id='line_1_18' title="bbox 54 2168 1308 2256; baseline -0.001 -26"><span class='ocrx_word' id='word_1_114' title='bbox 54 2192 85 2229; x_wconf 85' lang='lat' dir='ltr'>n.</span> <span class='ocrx_word' id='word_1_115' title='bbox 95 2192 135 2230; x_wconf 84' lang='lat' dir='ltr'>na</span> <span class='ocrx_word' id='word_1_116' title='bbox 154 2192 277 2256; x_wconf 87' lang='lat' dir='ltr'><strong>semper</strong></span> <span class='ocrx_word' id='word_1_117' title='bbox 290 2192 328 2235; x_wconf 90' lang='lat' dir='ltr'>ea</span> <span class='ocrx_word' id='word_1_118' title='bbox 342 2177 465 2255; x_wconf 90' lang='lat' dir='ltr'>oportet</span> <span class='ocrx_word' id='word_1_119' title='bbox 480 2190 683 2254; x_wconf 86' lang='lat' dir='ltr'>perseverare,</span> <span class='ocrx_word' id='word_1_120' title='bbox 699 2168 746 2230; x_wconf 90' lang='lat' dir='ltr'>uti</span> <span class='ocrx_word' id='word_1_121' title='bbox 766 2176 797 2232; x_wconf 92' lang='lat' dir='ltr'>et</span> <span class='ocrx_word' id='word_1_122' title='bbox 820 2188 941 2254; x_wconf 88' lang='lat' dir='ltr'>semper</span> <span class='ocrx_word' id='word_1_123' title='bbox 955 2168 1019 2233; x_wconf 92' lang='lat' dir='ltr'>sint</span> <span class='ocrx_word' id='word_1_124' title='bbox 1035 2169 1068 2233; x_wconf 93' lang='lat' dir='ltr'>in</span> <span class='ocrx_word' id='word_1_125' title='bbox 1090 2169 1217 2245; x_wconf 91' lang='lat' dir='ltr'>honore,</span> <span class='ocrx_word' id='word_1_126' title='bbox 1238 2186 1308 2252; x_wconf 81' lang='lat' dir='ltr'>quoe</span> 
     </span>
     <span class='ocr_line' id='line_1_19' title="bbox 154 2267 1310 2359; baseline -0.008 -20"><span class='ocrx_word' id='word_1_127' title='bbox 154 2281 228 2339; x_wconf 85' lang='lat' dir='ltr'>suut</span> <span class='ocrx_word' id='word_1_128' title='bbox 242 2274 402 2338; x_wconf 89' lang='lat' dir='ltr'>honorata.</span> <span class='ocrx_word' id='word_1_129' title='bbox 449 2272 483 2337; x_wconf 86' lang='lat' dir='ltr'>si</span> <span class='ocrx_word' id='word_1_130' title='bbox 497 2281 602 2337; x_wconf 89' lang='lat' dir='ltr'>autem</span> <span class='ocrx_word' id='word_1_131' title='bbox 617 2279 789 2347; x_wconf 87' lang='lat' dir='ltr'>transeunt,</span> <span class='ocrx_word' id='word_1_132' title='bbox 806 2292 877 2357; x_wconf 75' lang='lat' dir='ltr'>quae</span> <span class='ocrx_word' id='word_1_133' title='bbox 891 2272 1009 2337; x_wconf 91' lang='lat' dir='ltr'>utilitas</span> <span class='ocrx_word' id='word_1_134' title='bbox 1022 2272 1116 2359; x_wconf 86' lang='lat' dir='ltr'>hujus</span> <span class='ocrx_word' id='word_1_135' title='bbox 1137 2267 1310 2336; x_wconf 89' lang='lat' dir='ltr'>brevissimi</span> 
     </span>
     <span class='ocr_line' id='line_1_20' title="bbox 154 2373 1310 2463; baseline -0.006 -21"><span class='ocrx_word' id='word_1_136' title='bbox 154 2377 304 2463; x_wconf 91' lang='lat' dir='ltr'>temporis</span> <span class='ocrx_word' id='word_1_137' title='bbox 319 2376 455 2454; x_wconf 87' lang='lat' dir='ltr'>honoris,</span> <span class='ocrx_word' id='word_1_138' title='bbox 467 2374 520 2461; x_wconf 90' lang='lat' dir='ltr'>qui</span> <span class='ocrx_word' id='word_1_139' title='bbox 535 2374 700 2462; x_wconf 91' lang='lat' dir='ltr'>aliquando</span> <span class='ocrx_word' id='word_1_140' title='bbox 714 2373 839 2459; x_wconf 91' lang='lat' dir='ltr'>quidem</span> <span class='ocrx_word' id='word_1_141' title='bbox 853 2395 916 2454; x_wconf 84' lang='lat' dir='ltr'>non</span> <span class='ocrx_word' id='word_1_142' title='bbox 930 2375 998 2453; x_wconf 85' lang='lat' dir='ltr'>suit,</span> <span class='ocrx_word' id='word_1_143' title='bbox 1010 2397 1116 2440; x_wconf 89' lang='lat' dir='ltr'>rursus</span> <span class='ocrx_word' id='word_1_144' title='bbox 1129 2383 1235 2440; x_wconf 91' lang='lat' dir='ltr'>autem</span> <span class='ocrx_word' id='word_1_145' title='bbox 1246 2394 1310 2436; x_wconf 93' lang='lat' dir='ltr'>non</span> 
     </span>
     <span class='ocr_line' id='line_1_21' title="bbox 155 2475 1309 2565; baseline -0.008 -19"><span class='ocrx_word' id='word_1_146' title='bbox 155 2481 235 2546; x_wconf 81' lang='lat' dir='ltr'>eritl</span> <span class='ocrx_word' id='word_1_147' title='bbox 273 2479 376 2543; x_wconf 84' lang='lat' dir='ltr'>Vanae</span> <span class='ocrx_word' id='word_1_148' title='bbox 400 2478 496 2565; x_wconf 89' lang='lat' dir='ltr'>igitur</span> <span class='ocrx_word' id='word_1_149' title='bbox 512 2476 620 2564; x_wconf 85' lang='lat' dir='ltr'>gloriae</span> <span class='ocrx_word' id='word_1_150' title='bbox 641 2476 798 2562; x_wconf 76' lang='lat' dir='ltr'>appetitor</span> <span class='ocrx_word' id='word_1_151' title='bbox 820 2476 1014 2563; x_wconf 69' lang='lat' dir='ltr'>magis¹²erit</span> <span class='ocrx_word' id='word_1_152' title='bbox 1039 2475 1192 2552; x_wconf 81' lang='lat' dir='ltr'>Salvator,</span> <span class='ocrx_word' id='word_1_153' title='bbox 1214 2496 1309 2560; x_wconf 91' lang='lat' dir='ltr'>quam</span> 
     </span>
     <span class='ocr_line' id='line_1_22' title="bbox 156 2577 1314 2667; baseline -0.007 -19"><span class='ocrx_word' id='word_1_154' title='bbox 156 2584 312 2648; x_wconf 89' lang='lat' dir='ltr'>honorans</span> <span class='ocrx_word' id='word_1_155' title='bbox 334 2604 403 2667; x_wconf 83' lang='lat' dir='ltr'>qnae</span> <span class='ocrx_word' id='word_1_156' title='bbox 425 2588 499 2645; x_wconf 90' lang='lat' dir='ltr'>sunt</span> <span class='ocrx_word' id='word_1_157' title='bbox 519 2602 651 2655; x_wconf 87' lang='lat' dir='ltr'>sursum,</span> <span class='ocrx_word' id='word_1_158' title='bbox 667 2580 809 2665; x_wconf 82' lang='lat' dir='ltr'>arguitur</span> <span class='ocrx_word' id='word_1_159' title='bbox 825 2600 846 2642; x_wconf 90' lang='lat' dir='ltr'>a</span> <span class='ocrx_word' id='word_1_160' title='bbox 865 2580 965 2643; x_wconf 90' lang='lat' dir='ltr'>nobis.</span> <span class='ocrx_word' id='word_1_161' title='bbox 1012 2580 1090 2660; x_wconf 76' lang='lat' dir='ltr'>Quis</span> <span class='ocrx_word' id='word_1_162' title='bbox 1111 2580 1194 2643; x_wconf 88' lang='lat' dir='ltr'>enim</span> <span class='ocrx_word' id='word_1_163' title='bbox 1210 2577 1314 2641; x_wconf 87' lang='lat' dir='ltr'>honor</span> 
     </span>
     <span class='ocr_line' id='line_1_23' title="bbox 157 2678 1308 2769; baseline -0.006 -20"><span class='ocrx_word' id='word_1_164' title='bbox 157 2693 206 2750; x_wconf 88' lang='lat' dir='ltr'>est</span> <span class='ocrx_word' id='word_1_165' title='bbox 220 2693 405 2749; x_wconf 86' lang='lat' dir='ltr'>aeternorum</span> <span class='ocrx_word' id='word_1_166' title='bbox 420 2704 527 2748; x_wconf 90' lang='lat' dir='ltr'>eorum</span> <span class='ocrx_word' id='word_1_167' title='bbox 542 2702 612 2769; x_wconf 80' lang='lat' dir='ltr'>quae</span> <span class='ocrx_word' id='word_1_168' title='bbox 626 2702 748 2767; x_wconf 86' lang='lat' dir='ltr'><strong>semper</strong></span> <span class='ocrx_word' id='word_1_169' title='bbox 762 2689 845 2759; x_wconf 92' lang='lat' dir='ltr'>sunt,</span> <span class='ocrx_word' id='word_1_170' title='bbox 860 2702 899 2745; x_wconf 89' lang='lat' dir='ltr'>ea</span> <span class='ocrx_word' id='word_1_171' title='bbox 919 2703 990 2767; x_wconf 87' lang='lat' dir='ltr'>quae</span> <span class='ocrx_word' id='word_1_172' title='bbox 1010 2689 1085 2746; x_wconf 92' lang='lat' dir='ltr'>sunt</span> <span class='ocrx_word' id='word_1_173' title='bbox 1106 2678 1308 2765; x_wconf 70' lang='lat' dir='ltr'>temporalier</span> 
     </span>
     <span class='ocr_line' id='line_1_24' title="bbox 158 2780 1311 2875; baseline -0.008 -21"><span class='ocrx_word' id='word_1_174' title='bbox 158 2810 265 2855; x_wconf 90' lang='lat' dir='ltr'>eorum</span> <span class='ocrx_word' id='word_1_175' title='bbox 280 2810 350 2875; x_wconf 90' lang='lat' dir='ltr'>quae</span> <span class='ocrx_word' id='word_1_176' title='bbox 366 2792 479 2865; x_wconf 84' lang='lat' dir='ltr'>³stant,</span> <span class='ocrx_word' id='word_1_177' title='bbox 495 2808 617 2872; x_wconf 89' lang='lat' dir='ltr'>eaquae</span> <span class='ocrx_word' id='word_1_178' title='bbox 636 2792 841 2872; x_wconf 85' lang='lat' dir='ltr'>praetereunt;</span> <span class='ocrx_word' id='word_1_179' title='bbox 858 2784 1145 2869; x_wconf 79' lang='lat' dir='ltr'>incorruptibilium,</span> <span class='ocrx_word' id='word_1_180' title='bbox 1160 2780 1311 2867; x_wconf 80' lang='lat' dir='ltr'>corrupti-</span> 
     </span>
     <span class='ocr_line' id='line_1_25' title="bbox 158 2886 1312 2978; baseline -0.004 -20"><span class='ocrx_word' id='word_1_181' title='bbox 158 2894 253 2959; x_wconf 76' lang='lat' dir='ltr'>bilia!</span> <span class='ocrx_word' id='word_1_182' title='bbox 291 2891 546 2978; x_wconf 75' lang='lat' dir='ltr'>Quandoquidem</span> <span class='ocrx_word' id='word_1_183' title='bbox 561 2898 594 2955; x_wconf 91' lang='lat' dir='ltr'>et</span> <span class='ocrx_word' id='word_1_184' title='bbox 608 2890 691 2976; x_wconf 91' lang='lat' dir='ltr'>apud</span> <span class='ocrx_word' id='word_1_185' title='bbox 705 2888 847 2955; x_wconf 92' lang='lat' dir='ltr'>homines</span> <span class='ocrx_word' id='word_1_186' title='bbox 861 2890 1002 2977; x_wconf 88' lang='lat' dir='ltr'>quisunt</span> <span class='ocrx_word' id='word_1_187' title='bbox 1016 2888 1211 2975; x_wconf 87' lang='lat' dir='ltr'>temporales,</span> <span class='ocrx_word' id='word_1_188' title='bbox 1227 2886 1312 2953; x_wconf 86' lang='lat' dir='ltr'>nulla</span> 
     </span>
     <span class='ocr_line' id='line_1_26' title="bbox 157 2992 1311 3085; baseline -0.006 -23"><span class='ocrx_word' id='word_1_189' title='bbox 157 2997 260 3085; x_wconf 86' lang='lat' dir='ltr'>gratia</span> <span class='ocrx_word' id='word_1_190' title='bbox 281 3005 331 3062; x_wconf 89' lang='lat' dir='ltr'>est</span> <span class='ocrx_word' id='word_1_191' title='bbox 344 2997 412 3082; x_wconf 90' lang='lat' dir='ltr'>ejus</span> <span class='ocrx_word' id='word_1_192' title='bbox 428 2994 564 3073; x_wconf 89' lang='lat' dir='ltr'>honoris,</span> <span class='ocrx_word' id='word_1_193' title='bbox 582 2993 636 3081; x_wconf 93' lang='lat' dir='ltr'>qui</span> <span class='ocrx_word' id='word_1_194' title='bbox 653 2992 793 3058; x_wconf 87' lang='lat' dir='ltr'>celeriter</span> <span class='ocrx_word' id='word_1_195' title='bbox 816 2993 964 3081; x_wconf 79' lang='lat' dir='ltr'>praeterit,</span> <span class='ocrx_word' id='word_1_196' title='bbox 982 2995 1039 3060; x_wconf 90' lang='lat' dir='ltr'>sed</span> <span class='ocrx_word' id='word_1_197' title='bbox 1060 2997 1129 3081; x_wconf 91' lang='lat' dir='ltr'>ejus</span> <span class='ocrx_word' id='word_1_198' title='bbox 1147 2993 1200 3082; x_wconf 87' lang='lat' dir='ltr'>qui</span> <span class='ocrx_word' id='word_1_199' title='bbox 1216 2992 1311 3079; x_wconf 92' lang='lat' dir='ltr'>pluri-</span> 
     </span>
     <span class='ocr_line' id='line_1_27' title="bbox 158 3099 1313 3189; baseline -0.002 -24"><span class='ocrx_word' id='word_1_200' title='bbox 158 3124 244 3166; x_wconf 90' lang='lat' dir='ltr'>mum</span> <span class='ocrx_word' id='word_1_201' title='bbox 268 3109 417 3189; x_wconf 91' lang='lat' dir='ltr'>quantum</span> <span class='ocrx_word' id='word_1_202' title='bbox 441 3106 545 3185; x_wconf 88' lang='lat' dir='ltr'>potest</span> <span class='ocrx_word' id='word_1_203' title='bbox 573 3107 757 3184; x_wconf 89' lang='lat' dir='ltr'>perseverat.</span> <span class='ocrx_word' id='word_1_204' title='bbox 804 3100 882 3182; x_wconf 78' lang='lat' dir='ltr'>Quae</span> <span class='ocrx_word' id='word_1_205' title='bbox 904 3109 1011 3165; x_wconf 87' lang='lat' dir='ltr'>autem</span> <span class='ocrx_word' id='word_1_206' title='bbox 1033 3100 1141 3165; x_wconf 87' lang='lat' dir='ltr'>statim</span> <span class='ocrx_word' id='word_1_207' title='bbox 1170 3107 1206 3163; x_wconf 85' lang='lat' dir='ltr'>ut</span> <span class='ocrx_word' id='word_1_208' title='bbox 1228 3099 1313 3163; x_wconf 81' lang='lat' dir='ltr'>iacta</span> 
     </span>
     <span class='ocr_line' id='line_1_28' title="bbox 158 3200 1313 3290; baseline -0.005 -19"><span class='ocrx_word' id='word_1_209' title='bbox 158 3213 233 3271; x_wconf 86' lang='lat' dir='ltr'>sunt</span> <span class='ocrx_word' id='word_1_210' title='bbox 250 3204 505 3282; x_wconf 84' lang='lat' dir='ltr'>exterminantur,</span> <span class='ocrx_word' id='word_1_211' title='bbox 531 3202 563 3267; x_wconf 91' lang='lat' dir='ltr'>iu</span> <span class='ocrx_word' id='word_1_212' title='bbox 588 3200 808 3268; x_wconf 80' lang='lat' dir='ltr'>contumeliam</span> <span class='ocrx_word' id='word_1_213' title='bbox 827 3202 928 3289; x_wconf 85' lang='lat' dir='ltr'>magis</span> <span class='ocrx_word' id='word_1_214' title='bbox 951 3224 1057 3267; x_wconf 89' lang='lat' dir='ltr'>eorum</span> <span class='ocrx_word' id='word_1_215' title='bbox 1084 3202 1137 3290; x_wconf 91' lang='lat' dir='ltr'>qni</span> <span class='ocrx_word' id='word_1_216' title='bbox 1163 3209 1313 3287; x_wconf 88' lang='lat' dir='ltr'>putantur</span> 
     </span>
     <span class='ocr_line' id='line_1_29' title="bbox 158 3304 1313 3393; baseline -0.004 -18"><span class='ocrx_word' id='word_1_217' title='bbox 158 3308 304 3375; x_wconf 87' lang='lat' dir='ltr'>honorari</span> <span class='ocrx_word' id='word_1_218' title='bbox 331 3308 415 3373; x_wconf 83' lang='lat' dir='ltr'>faeta</span> <span class='ocrx_word' id='word_1_219' title='bbox 437 3329 506 3372; x_wconf 88' lang='lat' dir='ltr'>esse</span> <span class='ocrx_word' id='word_1_220' title='bbox 526 3309 613 3393; x_wconf 87' lang='lat' dir='ltr'>juste</span> <span class='ocrx_word' id='word_1_221' title='bbox 636 3305 793 3371; x_wconf 87' lang='lat' dir='ltr'>dicentur:</span> <span class='ocrx_word' id='word_1_222' title='bbox 825 3314 858 3371; x_wconf 90' lang='lat' dir='ltr'>et</span> <span class='ocrx_word' id='word_1_223' title='bbox 881 3306 1102 3371; x_wconf 85' lang='lat' dir='ltr'>contumeliose</span> <span class='ocrx_word' id='word_1_224' title='bbox 1124 3304 1251 3371; x_wconf 79' lang='lat' dir='ltr'>tractari</span> <span class='ocrx_word' id='word_1_225' title='bbox 1279 3307 1313 3371; x_wconf 89' lang='lat' dir='ltr'>id</span> 
     </span>
     <span class='ocr_line' id='line_1_30' title="bbox 158 3407 1313 3500; baseline -0.005 -22"><span class='ocrx_word' id='word_1_226' title='bbox 158 3413 241 3500; x_wconf 92' lang='lat' dir='ltr'>quod</span> <span class='ocrx_word' id='word_1_227' title='bbox 256 3419 304 3478; x_wconf 89' lang='lat' dir='ltr'>est</span> <span class='ocrx_word' id='word_1_228' title='bbox 326 3419 487 3488; x_wconf 80' lang='lat' dir='ltr'>aeternum,</span> <span class='ocrx_word' id='word_1_229' title='bbox 503 3417 647 3495; x_wconf 83' lang='lat' dir='ltr'>corrupta</span> <span class='ocrx_word' id='word_1_230' title='bbox 661 3409 729 3493; x_wconf 89' lang='lat' dir='ltr'>ejus</span> <span class='ocrx_word' id='word_1_231' title='bbox 743 3416 775 3473; x_wconf 90' lang='lat' dir='ltr'>et</span> <span class='ocrx_word' id='word_1_232' title='bbox 789 3407 892 3473; x_wconf 90' lang='lat' dir='ltr'>soluta</span> <span class='ocrx_word' id='word_1_233' title='bbox 912 3408 1057 3494; x_wconf 85' lang='lat' dir='ltr'>imagine.</span> <span class='ocrx_word' id='word_1_234' title='bbox 1104 3408 1186 3490; x_wconf 79' lang='lat' dir='ltr'>Quid</span> <span class='ocrx_word' id='word_1_235' title='bbox 1206 3416 1313 3472; x_wconf 90' lang='lat' dir='ltr'>autem</span> 
     </span>
     <span class='ocr_line' id='line_1_31' title="bbox 159 3512 1313 3601; baseline -0.004 -18"><span class='ocrx_word' id='word_1_236' title='bbox 159 3517 186 3583; x_wconf 92' lang='lat' dir='ltr'>si</span> <span class='ocrx_word' id='word_1_237' title='bbox 201 3539 264 3582; x_wconf 93' lang='lat' dir='ltr'>non</span> <span class='ocrx_word' id='word_1_238' title='bbox 283 3516 444 3601; x_wconf 86' lang='lat' dir='ltr'>plorasset,</span> <span class='ocrx_word' id='word_1_239' title='bbox 460 3523 493 3579; x_wconf 91' lang='lat' dir='ltr'>et</span> <span class='ocrx_word' id='word_1_240' title='bbox 510 3513 638 3593; x_wconf 87' lang='lat' dir='ltr'>risisset,</span> <span class='ocrx_word' id='word_1_241' title='bbox 654 3522 687 3577; x_wconf 93' lang='lat' dir='ltr'>et</span> <span class='ocrx_word' id='word_1_242' title='bbox 706 3512 847 3598; x_wconf 86' lang='lat' dir='ltr'>aporiata</span> <span class='ocrx_word' id='word_1_243' title='bbox 867 3522 949 3578; x_wconf 80' lang='lat' dir='ltr'>esset</span> <span class='ocrx_word' id='word_1_244' title='bbox 968 3521 1069 3579; x_wconf 89' lang='lat' dir='ltr'>mater</span> <span class='ocrx_word' id='word_1_245' title='bbox 1087 3513 1234 3600; x_wconf 92' lang='lat' dir='ltr'>ipsorum,</span> <span class='ocrx_word' id='word_1_246' title='bbox 1249 3535 1313 3578; x_wconf 94' lang='lat' dir='ltr'>non</span> 
     </span>
    </p>

    <p class='ocr_par' dir='ltr' id='par_1_8' title="bbox 80 3616 1314 3914">
     <span class='ocr_line' id='line_1_32' title="bbox 80 3616 1314 3704; baseline 0.001 -22"><span class='ocrx_word' id='word_1_247' title='bbox 80 3672 86 3682; x_wconf 90' lang='lat'><strong>.</strong></span> <span class='ocrx_word' id='word_1_248' title='bbox 134 3676 138 3685; x_wconf 92' lang='lat'>.</span> <span class='ocrx_word' id='word_1_249' title='bbox 159 3620 320 3685; x_wconf 90' lang='lat' dir='ltr'>habuisset</span> <span class='ocrx_word' id='word_1_250' title='bbox 350 3619 492 3685; x_wconf 84' lang='lat' dir='ltr'>Salvator</span> <span class='ocrx_word' id='word_1_251' title='bbox 516 3640 573 3704; x_wconf 90' lang='lat' dir='ltr'>per</span> <span class='ocrx_word' id='word_1_252' title='bbox 600 3638 670 3704; x_wconf 90' lang='lat' dir='ltr'>quae</span> <span class='ocrx_word' id='word_1_253' title='bbox 694 3616 861 3681; x_wconf 87' lang='lat' dir='ltr'>honoraret</span> <span class='ocrx_word' id='word_1_254' title='bbox 890 3616 1122 3702; x_wconf 86' lang='lat' dir='ltr'>plenitudinem,</span> <span class='ocrx_word' id='word_1_255' title='bbox 1147 3622 1314 3683; x_wconf 81' lang='lat' dir='ltr'>⁴extremae</span> 
     </span>
     <span class='ocr_line' id='line_1_33' title="bbox 161 3720 1314 3809; baseline 0.001 -21"><span class='ocrx_word' id='word_1_256' title='bbox 161 3722 421 3788; x_wconf 85' lang='lat' dir='ltr'>confusionisnon</span> <span class='ocrx_word' id='word_1_257' title='bbox 431 3720 575 3787; x_wconf 88' lang='lat' dir='ltr'>habentis</span> <span class='ocrx_word' id='word_1_258' title='bbox 582 3720 736 3807; x_wconf 90' lang='lat' dir='ltr'>propriam</span> <span class='ocrx_word' id='word_1_259' title='bbox 746 3720 963 3800; x_wconf 87' lang='lat' dir='ltr'>substantiam,</span> <span class='ocrx_word' id='word_1_260' title='bbox 973 3744 1029 3806; x_wconf 89' lang='lat' dir='ltr'>per</span> <span class='ocrx_word' id='word_1_261' title='bbox 1039 3744 1132 3809; x_wconf 89' lang='lat' dir='ltr'>quam</span> <span class='ocrx_word' id='word_1_262' title='bbox 1147 3721 1314 3789; x_wconf 88' lang='lat' dir='ltr'>honoraret</span> 
     </span>
     <span class='ocr_line' id='line_1_34' title="bbox 163 3828 387 3914; baseline 0 -23"><span class='ocrx_word' id='word_1_263' title='bbox 163 3828 387 3914; x_wconf 78' lang='lat' dir='ltr'>Propatoreml</span> 
     </span>
    </p>
   </div>
   <div class='ocr_carea' id='block_1_7' title="bbox 159 3982 1317 4710">
    <p class='ocr_par' dir='ltr' id='par_1_9' title="bbox 211 3982 1316 4045">
     <span class='ocr_line' id='line_1_35' title="bbox 211 3982 1316 4045; baseline 0.005 -14"><span class='ocrx_word' id='word_1_264' title='bbox 211 3982 569 4045; x_wconf 75' lang='lat' dir='ltr'>1eum0mirtedinthenr,</span> <span class='ocrx_word' id='word_1_265' title='bbox 584 3984 700 4034; x_wconf 69' lang='lat' dir='ltr'>roomo.</span> <span class='ocrx_word' id='word_1_266' title='bbox 812 3982 884 4033; x_wconf 79' lang='lat'>⁸01..</span> <span class='ocrx_word' id='word_1_267' title='bbox 898 3983 996 4045; x_wconf 66' lang='lat' dir='ltr'>mutarn,</span> <span class='ocrx_word' id='word_1_268' title='bbox 1009 3987 1056 4035; x_wconf 88' lang='lat' dir='ltr'>but</span> <span class='ocrx_word' id='word_1_269' title='bbox 1068 3986 1180 4035; x_wconf 59' lang='lat' dir='ltr'>aaaron</span> <span class='ocrx_word' id='word_1_270' title='bbox 1192 4002 1225 4035; x_wconf 91' lang='lat' dir='ltr'>no</span> <span class='ocrx_word' id='word_1_271' title='bbox 1236 3987 1316 4036; x_wconf 90' lang='lat' dir='ltr'>doubt</span> 
     </span>
    </p>

    <p class='ocr_par' dir='ltr' id='par_1_10' title="bbox 159 4066 1317 4710">
     <span class='ocr_line' id='line_1_36' title="bbox 210 4066 1314 4131; baseline 0 -14"><span class='ocrx_word' id='word_1_272' title='bbox 210 4067 291 4117; x_wconf 73' lang='lat' dir='ltr'>’erit</span> <span class='ocrx_word' id='word_1_273' title='bbox 331 4066 433 4117; x_wconf 72' lang='lat' dir='ltr'>Verbum</span> <span class='ocrx_word' id='word_1_274' title='bbox 450 4068 497 4115; x_wconf 87' lang='lat' dir='ltr'>erit</span> <span class='ocrx_word' id='word_1_275' title='bbox 514 4066 610 4115; x_wconf 77' lang='lat' dir='ltr'>avellem</span> <span class='ocrx_word' id='word_1_276' title='bbox 627 4067 711 4127; x_wconf 69' lang='lat' dir='ltr'>meare,</span> <span class='ocrx_word' id='word_1_277' title='bbox 764 4066 1029 4131; x_wconf 75' lang='lat' dir='ltr'>wasinthemiginal.</span> <span class='ocrx_word' id='word_1_278' title='bbox 1049 4069 1314 4128; x_wconf 69' lang='lat' dir='ltr'>ttrrrlrortroraot·</span> 
     </span>
     <span class='ocr_line' id='line_1_37' title="bbox 161 4148 1314 4214; baseline 0 -15"><span class='ocrx_word' id='word_1_279' title='bbox 161 4152 181 4201; x_wconf 89' lang='lat' dir='ltr'>is</span> <span class='ocrx_word' id='word_1_280' title='bbox 199 4152 241 4201; x_wconf 88' lang='lat' dir='ltr'>the</span> <span class='ocrx_word' id='word_1_281' title='bbox 263 4156 322 4199; x_wconf 88' lang='lat' dir='ltr'>note</span> <span class='ocrx_word' id='word_1_282' title='bbox 340 4152 368 4200; x_wconf 85' lang='lat' dir='ltr'>oi</span> <span class='ocrx_word' id='word_1_283' title='bbox 387 4152 498 4211; x_wconf 56' lang='lat' dir='ltr'>Gnarum</span> <span class='ocrx_word' id='word_1_284' title='bbox 514 4150 636 4199; x_wconf 75' lang='lat' dir='ltr'>redundas</span> <span class='ocrx_word' id='word_1_285' title='bbox 657 4166 715 4214; x_wconf 82' lang='lat' dir='ltr'>says</span> <span class='ocrx_word' id='word_1_286' title='bbox 763 4164 839 4207; x_wconf 73' lang='grc' dir='ltr'><strong><em>μενοι,</em></strong></span> <span class='ocrx_word' id='word_1_287' title='bbox 853 4164 905 4197; x_wconf 83' lang='lat' dir='ltr'>was</span> <span class='ocrx_word' id='word_1_288' title='bbox 921 4148 964 4197; x_wconf 84' lang='lat' dir='ltr'>the</span> <span class='ocrx_word' id='word_1_289' title='bbox 980 4149 1035 4197; x_wconf 90' lang='lat' dir='ltr'>titls</span> <span class='ocrx_word' id='word_1_290' title='bbox 1046 4149 1120 4212; x_wconf 79' lang='lat' dir='ltr'>given</span> <span class='ocrx_word' id='word_1_291' title='bbox 1137 4152 1165 4197; x_wconf 93' lang='lat' dir='ltr'>to</span> <span class='ocrx_word' id='word_1_292' title='bbox 1180 4150 1224 4198; x_wconf 88' lang='lat' dir='ltr'>the</span> <span class='ocrx_word' id='word_1_293' title='bbox 1237 4150 1314 4213; x_wconf 84' lang='lat' dir='ltr'>Deity</span> 
     </span>
     <span class='ocr_line' id='line_1_38' title="bbox 161 4228 1313 4294; baseline -0.003 -11"><span class='ocrx_word' id='word_1_294' title='bbox 161 4234 299 4294; x_wconf 72' lang='lat' dir='ltr'>Messana,</span> <span class='ocrx_word' id='word_1_295' title='bbox 312 4232 495 4282; x_wconf 73' lang='lat' dir='ltr'>andasterhlm</span> <span class='ocrx_word' id='word_1_296' title='bbox 507 4232 631 4281; x_wconf 63' lang='lat' dir='ltr'>mnsam</span> <span class='ocrx_word' id='word_1_297' title='bbox 661 4232 716 4282; x_wconf 87' lang='lat' dir='ltr'>But</span> <span class='ocrx_word' id='word_1_298' title='bbox 763 4229 797 4292; x_wconf 85' lang='lat' dir='ltr'>by</span> <span class='ocrx_word' id='word_1_299' title='bbox 810 4228 1009 4293; x_wconf 76' lang='lat' dir='ltr'>SimonMagus,</span> <span class='ocrx_word' id='word_1_300' title='bbox 1022 4229 1101 4279; x_wconf 76' lang='lat' dir='ltr'>Hm.</span> <span class='ocrx_word' id='word_1_301' title='bbox 1114 4229 1255 4291; x_wconf 77' lang='lat' dir='ltr'>Pla.v1.13.</span> <span class='ocrx_word' id='word_1_302' title='bbox 1274 4230 1313 4280; x_wconf 79' lang='lat' dir='ltr'>(ll.</span> 
     </span>
     <span class='ocr_line' id='line_1_39' title="bbox 159 4309 1106 4379; baseline -0.003 -15"><span class='ocrx_word' id='word_1_303' title='bbox 159 4317 203 4365; x_wconf 84' lang='lat' dir='ltr'>the</span> <span class='ocrx_word' id='word_1_304' title='bbox 214 4314 336 4379; x_wconf 77' lang='lat' dir='ltr'>difficulty</span> <span class='ocrx_word' id='word_1_305' title='bbox 347 4315 368 4363; x_wconf 88' lang='lat' dir='ltr'>is</span> <span class='ocrx_word' id='word_1_306' title='bbox 379 4312 470 4363; x_wconf 74' lang='lat' dir='ltr'>saraed</span> <span class='ocrx_word' id='word_1_307' title='bbox 482 4314 516 4378; x_wconf 80' lang='lat' dir='ltr'>by</span> <span class='ocrx_word' id='word_1_308' title='bbox 527 4314 569 4363; x_wconf 81' lang='lat' dir='ltr'>the</span> <span class='ocrx_word' id='word_1_309' title='bbox 580 4313 716 4363; x_wconf 83' lang='lat' dir='ltr'>translator</span> <span class='ocrx_word' id='word_1_310' title='bbox 765 4311 928 4362; x_wconf 75' lang='lat' dir='ltr'>Carnuntas.</span> <span class='ocrx_word' id='word_1_311' title='bbox 942 4323 1020 4360; x_wconf 87' lang='lat' dir='ltr'>xv111.</span> <span class='ocrx_word' id='word_1_312' title='bbox 1033 4309 1056 4372; x_wconf 90' lang='lat'>6,</span> <span class='ocrx_word' id='word_1_313' title='bbox 1069 4326 1106 4361; x_wconf 81' lang='lat' dir='ltr'>ra.</span> 
     </span>
     <span class='ocr_line' id='line_1_40' title="bbox 160 4394 1316 4464; baseline -0.003 -15"><span class='ocrx_word' id='word_1_314' title='bbox 160 4398 324 4464; x_wconf 72' lang='lat' dir='ltr'>havingread</span> <span class='ocrx_word' id='word_1_315' title='bbox 339 4398 362 4459; x_wconf 85' lang='grc' dir='ltr'>ἤ,</span> <span class='ocrx_word' id='word_1_316' title='bbox 377 4412 457 4461; x_wconf 74' lang='lat' dir='ltr'>mmm,</span> <span class='ocrx_word' id='word_1_317' title='bbox 471 4394 609 4447; x_wconf 71' lang='lat' dir='ltr'>insteadm</span> <span class='ocrx_word' id='word_1_318' title='bbox 618 4396 641 4459; x_wconf 76' lang='grc' dir='ltr'>ᾖ,</span> <span class='ocrx_word' id='word_1_319' title='bbox 655 4396 712 4461; x_wconf 66' lang='lat' dir='ltr'>aad,</span> <span class='ocrx_word' id='word_1_320' title='bbox 813 4395 893 4445; x_wconf 87' lang='lat' dir='ltr'>⁴The</span> <span class='ocrx_word' id='word_1_321' title='bbox 911 4396 1047 4445; x_wconf 80' lang='lat' dir='ltr'>translator</span> <span class='ocrx_word' id='word_1_322' title='bbox 1068 4395 1150 4460; x_wconf 84' lang='lat' dir='ltr'>oopies</span> <span class='ocrx_word' id='word_1_323' title='bbox 1170 4396 1214 4445; x_wconf 84' lang='lat' dir='ltr'>tha</span> <span class='ocrx_word' id='word_1_324' title='bbox 1233 4396 1316 4446; x_wconf 80' lang='lat' dir='ltr'>Greek</span> 
     </span>
     <span class='ocr_line' id='line_1_41' title="bbox 159 4477 1317 4547; baseline -0.003 -15"><span class='ocrx_word' id='word_1_325' title='bbox 159 4479 714 4547; x_wconf 62' lang='lat' dir='ltr'>alarionemittoamapiareserringtoths</span> <span class='ocrx_word' id='word_1_326' title='bbox 763 4478 874 4543; x_wconf 81' lang='lat' dir='ltr'>genitive</span> <span class='ocrx_word' id='word_1_327' title='bbox 894 4479 1015 4539; x_wconf 79' lang='lat' dir='ltr'>absolute,</span> <span class='ocrx_word' id='word_1_328' title='bbox 1037 4493 1067 4527; x_wconf 78' lang='lat' dir='ltr'>aa</span> <span class='ocrx_word' id='word_1_329' title='bbox 1088 4477 1183 4527; x_wconf 73' lang='lat' dir='ltr'>Graan</span> <span class='ocrx_word' id='word_1_330' title='bbox 1204 4478 1249 4528; x_wconf 86' lang='lat' dir='ltr'>has</span> <span class='ocrx_word' id='word_1_331' title='bbox 1270 4484 1317 4528; x_wconf 90' lang='lat' dir='ltr'>not</span> 
     </span>
     <span class='ocr_line' id='line_1_42' title="bbox 162 4560 1316 4628; baseline -0.003 -14"><span class='ocrx_word' id='word_1_332' title='bbox 162 4564 278 4628; x_wconf 79' lang='lat' dir='ltr'>previous</span> <span class='ocrx_word' id='word_1_333' title='bbox 292 4566 427 4623; x_wconf 77' lang='lat' dir='ltr'>sentences,</span> <span class='ocrx_word' id='word_1_334' title='bbox 447 4560 498 4610; x_wconf 83' lang='lat' dir='ltr'>and</span> <span class='ocrx_word' id='word_1_335' title='bbox 515 4565 561 4611; x_wconf 89' lang='lat' dir='ltr'>not</span> <span class='ocrx_word' id='word_1_336' title='bbox 579 4566 606 4611; x_wconf 84' lang='lat' dir='ltr'>to</span> <span class='ocrx_word' id='word_1_337' title='bbox 620 4562 664 4611; x_wconf 80' lang='lat' dir='ltr'>tha</span> <span class='ocrx_word' id='word_1_338' title='bbox 678 4577 715 4613; x_wconf 84' lang='lat' dir='ltr'>ss·</span> <span class='ocrx_word' id='word_1_339' title='bbox 763 4561 839 4611; x_wconf 80' lang='lat' dir='ltr'>failed</span> <span class='ocrx_word' id='word_1_340' title='bbox 858 4566 886 4610; x_wconf 90' lang='lat' dir='ltr'>to</span> <span class='ocrx_word' id='word_1_341' title='bbox 905 4562 1015 4611; x_wconf 77' lang='lat' dir='ltr'>observo.</span> <span class='ocrx_word' id='word_1_342' title='bbox 1053 4564 1098 4622; x_wconf 73' lang='grc' dir='ltr'>τῆς</span> <span class='ocrx_word' id='word_1_343' title='bbox 1111 4561 1211 4623; x_wconf 79' lang='grc' dir='ltr'><strong><em>ὑστέρας</em></strong></span> <span class='ocrx_word' id='word_1_344' title='bbox 1226 4564 1316 4624; x_wconf 62' lang='lat' dir='ltr'>cont</span> 
     </span>
     <span class='ocr_line' id='line_1_43' title="bbox 164 4642 1240 4710; baseline 0.002 -16"><span class='ocrx_word' id='word_1_345' title='bbox 164 4645 229 4710; x_wconf 79' lang='lat' dir='ltr'>qual.</span> <span class='ocrx_word' id='word_1_346' title='bbox 259 4644 299 4693; x_wconf 79' lang='lat' dir='ltr'>Ol.</span> <span class='ocrx_word' id='word_1_347' title='bbox 313 4660 337 4709; x_wconf 91' lang='lat' dir='ltr'>p.</span> <span class='ocrx_word' id='word_1_348' title='bbox 348 4657 388 4705; x_wconf 74' lang='lat'>42,</span> <span class='ocrx_word' id='word_1_349' title='bbox 401 4642 446 4693; x_wconf 84' lang='lat' dir='ltr'>lira.</span> <span class='ocrx_word' id='word_1_350' title='bbox 459 4642 501 4693; x_wconf 81' lang='lat' dir='ltr'>ult.</span> <span class='ocrx_word' id='word_1_351' title='bbox 765 4660 825 4694; x_wconf 82' lang='grc' dir='ltr'><strong>σεως</strong></span> <span class='ocrx_word' id='word_1_352' title='bbox 835 4644 997 4707; x_wconf 71' lang='grc' dir='ltr'>οὐκέχούσηι,</span> <span class='ocrx_word' id='word_1_353' title='bbox 1012 4647 1088 4697; x_wconf 62' lang='lat' dir='ltr'>erm.</span> <span class='ocrx_word' id='word_1_354' title='bbox 1112 4643 1152 4696; x_wconf 77' lang='lat' dir='ltr'>ot.</span> <span class='ocrx_word' id='word_1_355' title='bbox 1165 4660 1189 4709; x_wconf 88' lang='lat' dir='ltr'>p.</span> <span class='ocrx_word' id='word_1_356' title='bbox 1202 4656 1240 4707; x_wconf 75' lang='lat'>17.</span> 
     </span>
    </p>
   </div>
   <div class='ocr_carea' id='block_1_8' title="bbox 0 0 1631 5184">
    <p class='ocr_par' dir='ltr' id='par_1_11' title="bbox 0 0 1631 5184">
     <span class='ocr_line' id='line_1_44' title="bbox 0 0 1631 5184; baseline 0 0"><span class='ocrx_word' id='word_1_357' title='bbox 0 0 1631 5184; x_wconf 95' lang='lat' dir='ltr'> </span> 
     </span>
    </p>
   </div>
  </div>
 </body>
</html>
