3225 5184
502 417 579 470 nux
604 417 683 472 uon
710 418 777 473 ssu
803 418 913 472 ruso.
1214 404 1281 473 337

1293 593 1446 635 nuum.

1304 640 1350 679 ou.
1359 641 1387 678 11.
1396 641 1435 679 ιιι.

1310 685 1387 725 MSS
1396 686 1426 725 11.

561 711 663 778 OAP.
686 711 846 780 XXXV.
1324 732 1410 772 nisa

23 951 24 960 ἵ
126 863 314 954 Quoniam
329 866 529 942 seeundum
541 867 675 964 Lepom
691 894 804 968 nequo
821 867 1011 966 imagines,
1024 868 1281 966 oequefipuroe

23 977 24 986 '
202 981 374 1059 emmeant
391 983 646 1059 Plenitudiuis
668 984 846 1084 ipsorum,
872 983 937 1060 aed
961 1011 1028 1060 nec
1041 985 1181 1084 flporae
1207 1011 1281 1060 ceso

194 1114 358 1203 possunt.

23 1282 37 1328 ·.
53 1288 100 1327 roe.
125 1263 269 1328 Eruuru
293 1285 334 1328 ex
355 1263 434 1350 lege,
457 1261 610 1350 eligentes
632 1282 825 1348 quoscunque
846 1270 1035 1329 coucurmnt
1055 1271 1152 1329 sectae
1172 1285 1280 1330 eorum

123 1389 265 1446 numero,
281 1375 408 1435 tentant
422 1365 573 1431 violenter
588 1364 788 1452 probationes
803 1364 917 1430 facere.
954 1366 989 1431 Si
1004 1373 1110 1431 autem
1125 1374 1193 1432 erat
1209 1389 1280 1453 pro-

21 1479 22 1482 ’
123 1470 260 1558 positum
272 1469 371 1535 Matri
385 1490 503 1547 eorum,
519 1467 584 1532 sive
594 1466 758 1545 salvatori,
774 1487 830 1552 per
840 1466 1047 1554 Demiurgum
1063 1475 1155 1554 typos
1171 1490 1280 1534 eorum

123 1597 196 1661 quae
221 1581 295 1638 sunt
318 1572 352 1636 in
367 1572 547 1638 Pleromate
571 1569 747 1647 ostendere,
770 1568 803 1634 in
823 1569 994 1636 verioribus
1017 1579 1050 1636 et
1072 1571 1280 1638 sanctioribus

39 1732 45 1744 .
98 1731 104 1742 .
122 1679 190 1744 fieri
206 1686 298 1765 typos
316 1677 449 1743 fuissent
471 1674 610 1762 operati:
634 1681 667 1738 et
682 1673 818 1738 maxime
832 1682 939 1738 eutem
958 1673 992 1738 in
1011 1674 1080 1760 ipss
1094 1697 1168 1740 arca
1184 1683 1280 1740 testa-

123 1781 267 1861 menti‚¹
273 1803 328 1868 per
347 1801 442 1868 quam
460 1786 493 1844 et
514 1799 608 1842 omne
625 1775 860 1842 tebemaculum
878 1776 1050 1842 testimonii
1073 1779 1280 1863 compositum

122 1892 182 1950 est.
223 1883 324 1949 Facta
344 1891 393 1948 est
379 1890 516 1948 tautem
535 1881 614 1958 haec,
629 1878 791 1967 longitudo
806 1878 976 1964 quidem'
948 1901 1017 1965 ejus
1031 1880 1146 1946 cubitis
1159 1882 1280 1947 duobus
1294 1907 1310 1946 ι,
1310 1908 1398 1948 mu

19 1997 23 2036 f
122 1996 157 2053 et
178 1987 317 2068 dimidio,
332 1985 465 2052 latitudo
482 1991 589 2050 nutem
604 1985 672 2070 ejus
686 2003 749 2048 uno
764 1983 870 2048 cubito
884 1991 918 2048 et
941 1984 1079 2064 dimidio,
1095 1993 1128 2050 et
1148 1956 1322 2051 altitudo¹⁰

19 2101 20 2138 ³
125 2091 231 2157 cubito
255 2113 317 2156 uno
340 2097 373 2156 et
396 2088 542 2154 dimidio:
566 2107 712 2152 numerus
730 2093 837 2151 autem
858 2085 920 2153 iste
944 2087 1151 2153 cubitorum
1141 2111 1175 2153 ιιι
1195 2090 1281 2156 nullo

122 2195 266 2262 convenit
280 2196 432 2283 figmento
446 2215 564 2269 eorum,
579 2213 635 2279 per
649 2212 742 2279 quem
757 2190 893 2256 maxime
907 2197 1001 2278 typus
1021 2192 1144 2258 ostendi
1162 2193 1279 2261 debuit.

124 2300 169 2364 Et
189 2298 437 2386 propitiatorium
450 2305 556 2362 autem
571 2294 740 2361 similiter
732 2316 764 2358 ιιι
779 2294 863 2359 nullo
877 2295 1022 2360 convenit
1036 2296 1281 2381 expositionibus
1294 2313 1420 2404 qoem

122 2424 240 2467 eorum.
296 2401 412 2466 Adhuc
440 2408 546 2465 autem
575 2405 609 2463 et
633 2419 742 2464 mensa
770 2397 991 2484 propositionis
1019 2400 1140 2465 duobus
1167 2401 1280 2466 cubitis
1292 2419 1360 2502 ruod
1369 2430 1420 2460 ιιι.

123 2503 295 2590 longitudo,
308 2502 445 2569 etunius
461 2500 557 2567 cubiti
572 2500 716 2580 latitudo,
728 2500 862 2565 altitudo
876 2502 1021 2566 autem
993 2524 1061 2586 eJus
1075 2504 1167 2568 unius
1181 2465 1322 2568 cubitia

124 2613 157 2670 et
171 2603 303 2670 dimidii.
348 2603 430 2668 Haec
445 2610 519 2668 ante
537 2609 647 2667 sancta
661 2609 852 2676 sanctorum,
868 2623 924 2686 per
937 2624 1007 2689 quae
1022 2625 1062 2668 ne
1077 2625 1141 2668 una
1154 2605 1280 2690 quidem

124 2707 283 2795 quantitas
304 2727 424 2772 numeri
415 2705 683 2792 significantiam
706 2703 961 2790 quatemationis,
976 2705 1041 2770 sive
1060 2706 1278 2788 octonationis,

124 2820 179 2877 eut
193 2809 303 2897 reliqui
324 2807 510 2875 Pleromatis
524 2830 632 2874 eorum
646 2807 796 2874 continet.
842 2807 924 2889 Quid
941 2815 1047 2872 sutem
1061 2809 1278 2878 candelabrum
1290 2821 1419 2917 321¹va-

124 2912 402 3000 ²septemquidem
422 2912 541 2978 habens
560 2910 751 2990 calamiscos,
766 2910 908 2976 lucernas
929 2918 1035 2976 autem
1055 2915 1197 2999 septem!
1218 2914 1279 2980 etsi

124 3016 249 3105 quidem
262 3014 433 3081 secundum
447 3021 556 3100 typum
569 3015 652 3078 lacta
660 3013 802 3092 fuissent,
814 3012 996 3078 calamiscos
1005 3022 1076 3080 octo
1087 3015 1279 3105 totidemque

123 3117 265 3181 lucernas
281 3114 396 3179 habere
418 3112 534 3191 debuit,
549 3111 591 3178 ad
612 3121 722 3199 typum
742 3112 853 3197 primae
875 3112 1092 3192 octonationis,
1112 3136 1182 3201 quae
1199 3139 1278 3202 prae-

123 3219 222 3305 iulget
248 3217 281 3281 in
306 3215 477 3295 AEonibus,
499 3223 532 3282 et
561 3215 714 3280 illuminet
739 3235 865 3280 omnem
888 3214 1123 3300 plenitudinem.
1167 3219 1278 3284 ³Atria
1291 3235 1441 3275 ιιιοωινιι.

122 3329 228 3388 autem
243 3321 350 3384 decem
366 3317 551 3384 exsistentia
565 3318 729 3405 diligenter
743 3325 991 3395 numeraverunt,
1007 3325 1115 3404 typum
1124 3341 1163 3384 ea
1173 3319 1279 3386 dicen·

123 3423 287 3490 tesdecem
296 3423 460 3496 AEouum;
477 3420 573 3507 pelles
583 3428 687 3486 sutem
696 3420 763 3504 jam
778 3441 842 3484 non
856 3429 1094 3486 numeraverunt
1107 3424 1278 3489 secundum
1292 3437 1442 3484 hohseo-

123 3547 284 3592 numerum
300 3525 443 3590 undecim
457 3525 568 3590 lactas.
605 3524 668 3589 Sed
682 3545 783 3609 neque
798 3523 936 3609 ipsorum
955 3523 1106 3588 striomm
1121 3525 1277 3612 maguitu-

123 3630 227 3694 dinem
243 3627 341 3694 mensi
355 3637 440 3705 suut,
456 3628 566 3715 viginti
581 3635 613 3692 et
633 3635 705 3692 octo
725 3625 902 3691 cubitorum
922 3625 1148 3713 longitudinem
1167 3651 1277 3694 unum·
1290 3643 1440 3684 Exodxxvm

124 3733 267 3819 quodque
289 3731 404 3797 atrium
428 3731 559 3798 habeus.
603 3731 648 3795 Et
672 3729 885 3794 columnarum
912 3729 1137 3815 longitudinem
1161 3731 1277 3798 iactam

124 3837 231 3902 decem
248 3836 425 3902 cubitorum
445 3841 607 3922 exponunt
622 3841 748 3919 propter
762 3833 911 3898 decadem
927 3834 1084 3898 AEonum.
1127 3835 1276 3903 Latitudo
1288 3847 1424 3934 {potuu-

124 3948 226 4006 aulem
249 3940 341 4004 unios
363 3948 392 4005 et
413 3937 542 4003 dimidii
564 3935 660 4004 mobili
683 3945 752 4002 erut
776 3936 1014 4022 uniuscujusque
1036 3936 1192 4018 colomam,
1213 3961 1277 4004 uon
1301 4023 1307 4034 ⁹

170 4141 180 4174 ¹
193 4144 230 4192 Δι’
240 4143 269 4203 ἣν
280 4147 465 4208 propterquam
476 4139 574 4191 reddere
585 4140 676 4190 debuis-
724 4139 770 4188 but
782 4139 825 4187 tbe
836 4138 950 4202 question
961 4143 989 4186 at
999 4143 1100 4202 present
1110 4137 1132 4186 ie
1142 4143 1188 4186 not
1198 4138 1227 4188 ol
1234 4140 1278 4190 the

122 4232 153 4274 ret
165 4225 293 4288 Interpres.
319 4225 421 4275 Getes.
722 4221 808 4286 ligbts,
820 4221 867 4269 but
878 4221 906 4269 οι
914 4221 956 4269 the
966 4218 1099 4270 uolumini.

169 4305 289 4369 'septem
329 4307 387 4355 Non
402 4312 488 4369 reptem
503 4304 544 4354 eod
560 4319 599 4354 m
613 4304 675 4354 cele·
772 4301 784 4334 ⁸
800 4303 875 4351 atrio.
911 4302 1019 4352 Gmoom
1036 4302 1278 4354 mediatoriis

122 4388 209 4440 misces
221 4387 294 4451 rufat
305 4389 382 4437 Mones
395 4387 472 4438 hod.
485 4403 544 4438 xxv.
560 4401 588 4450 3²
601 4393 621 4436 o
635 4401 673 4450 33,
723 4391 744 4434 et
758 4379 837 4446 poulo
850 4389 905 4446 poet
921 4390 1008 4432 oei-tm
1023 4382 1139 4432 ἀώιιιιιιι
1154 4382 1278 4445 Interpm

121 4468 260 4532 totidcroque
277 4469 399 4518 Irenoeum
417 4469 545 4531 comprobes,
565 4469 675 4517 admno-
723 4463 1275 4527 cuioVulpotocortinusaioevels.Maesutr.

121 4545 171 4594 riou
187 4553 272 4594 eutem
289 4545 390 4597 indicet.
408 4547 510 4596 Gener.
544 4545 674 4594 Missum
723 4546 776 4595 The
793 4547 937 4595 Cmauour
958 4545 1009 4594 and
1027 4546 1108 4597 Voss.
1132 4546 1210 4598 MSS.
1233 4563 1277 4598 are

122 4629 225 4679 tockone
235 4631 279 4680 the
290 4629 384 4680 central
396 4629 460 4694 light
471 4645 499 4678 ae
509 4629 553 4678 the
559 4629 672 4688 serentb,
723 4629 816 4694 clearly
826 4629 852 4678 in
863 4644 938 4690 error,
950 4628 1045 4692 having
1055 4627 1158 4680 ultorio.
