3225 5184
496 409 710 464 susannam
736 409 895 464 vncoas.
1200 390 1267 462 275

110 560 283 640 materiam,
306 568 341 628 et
361 561 456 651 longe
475 563 601 651 quidem
623 564 765 630 AEonem
789 566 831 629 ab
852 563 1040 650 Enthymesi
1057 563 1127 649 ejus
1143 583 1266 649 separa-
1278 579 1331 619 ma
1338 580 1369 621 11.
1377 583 1432 623 ιιι.

109 672 186 743 mm,
205 670 238 730 et
260 664 354 750 hujus
375 686 482 731 rursus
503 666 680 753 passionem
702 674 737 733 et
757 666 955 733 affectionem
974 671 1064 731 extra
1079 664 1181 751 ipsam
1200 664 1267 752 qui-
1278 628 1442 760 &iiia

110 768 182 833 dem
205 768 274 854 ejus
295 790 365 835 esse
387 769 561 849 materiam,
585 778 618 837 ct
638 769 819 837 incredibile
838 777 873 836 et
890 770 1012 837 fatuum
1030 775 1063 834 et
1078 766 1268 855 impossibile
1286 798 1419 807 --

110 878 143 936 et
157 870 348 939 inconstans.

590 1072 692 1139 OAP.
715 1073 781 1138 XI.

270 1225 584 1303 Contradictioces
599 1226 656 1303 tis
673 1226 738 1329 qui
753 1242 835 1304 auct
853 1253 879 1302 α
903 1228 1103 1305 Valentino.

175 1412 207 1475 l.
252 1408 303 1474 En
330 1430 394 1476 non
420 1409 583 1476 credentes
612 1409 738 1498 quidem
762 1410 910 1499 quoniam
938 1410 989 1477 hic
1017 1411 1070 1498 qui
1096 1418 1147 1476 est
1175 1431 1270 1497 super

110 1510 214 1577 omnia
228 1510 326 1592 Deus,
339 1510 373 1575 in
386 1511 436 1578 his
451 1532 521 1598 quae
535 1520 609 1577 sunt
629 1512 698 1598 ejus
718 1512 804 1577 varia
818 1520 851 1577 et
866 1512 1028 1578 dissimilia
1047 1512 1156 1578 Verbo
1175 1512 1269 1578 labri⁴

110 1614 192 1681 cavit
213 1615 475 1702 quemadmodum
497 1614 564 1701 ipse
585 1615 691 1695 voluit,
714 1637 787 1681 cum
809 1616 851 1681 sit
872 1615 1011 1681 omnium
1032 1614 1211 1694 fabricator,
1233 1624 1269 1681 ut

109 1719 233 1805 sapiens
254 1718 446 1784 architectus
467 1726 500 1782 et
521 1716 678 1783 maximnm
698 1738 774 1793 rex,
801 1718 984 1783 ¹credentes
1003 1726 1109 1783 autem
1124 1718 1270 1804 quoniam

109 1822 223 1911 angeli,
246 1830 302 1886 aut
322 1821 421 1886 virtus
441 1819 546 1907 aliqua
567 1828 712 1907 separata
733 1841 753 1885 a
777 1820 849 1886 Deo
869 1830 902 1886 et
924 1821 1073 1908 ignorans
1098 1843 1170 1887 eum
1195 1823 1271 1889 fecit

109 1925 191 1990 hanc
213 1921 458 2001 universitatem,
474 1921 520 1987 sic
542 1921 638 2009 igitur
651 1922 774 1987 veritati
791 1944 854 1987 non
875 1922 1048 2000 credentes,
1060 1921 1093 1987 in
1108 1923 1269 1989 mendacio

110 2036 215 2093 autem
229 2026 414 2103 volutantes,
435 2024 634 2112 perdidenmt
652 2047 765 2112 panem
786 2026 859 2091 vitae
877 2046 968 2104 verae,
980 2024 1014 2089 in
1028 2046 1159 2091 vacuum
1181 2033 1214 2090 et
1235 2026 1269 2090 in

110 2130 296 2217 profundum
317 2130 435 2193 umbrae
451 2128 641 2205 incidentem
664 2128 782 2195 similes
805 2130 925 2215 AEsopi
940 2128 1010 2194 cani
1030 2128 1060 2193 ei
1082 2129 1134 2214 qui
1155 2150 1269 2214 panem

110 2230 235 2316 quidem
256 2227 390 2315 reliquit,
413 2228 446 2291 in
467 2228 611 2293 umbram
633 2235 740 2293 autem
762 2230 831 2314 ejus
852 2229 1003 2314 impetum
1033 2227 1117 2306 lecit,
1144 2236 1177 2292 et
1200 2249 1269 2313 per-

110 2330 189 2396 didit
210 2352 326 2396 esoam.
371 2329 416 2395 Et
434 2352 474 2395 ex
495 2330 572 2417 ipsis
593 2338 700 2395 autem
715 2330 846 2395 Domini
860 2330 962 2396 verbis
984 2329 1076 2395 facile
1095 2337 1145 2394 est
1165 2338 1269 2395 osten·

110 2432 192 2511 dere,
209 2430 387 2498 confitentis
400 2452 498 2495 unum
512 2431 640 2497 Patrem
655 2440 687 2496 et
702 2432 852 2497 lectorem
868 2431 975 2496 mundi
997 2441 1031 2496 et
1049 2432 1269 2516 plasmatorem

110 2535 254 2613 hominis,
270 2534 323 2621 qui
337 2534 439 2620 alege
454 2541 487 2598 et
501 2534 661 2621 prophetis
680 2534 885 2599 annuntiatus
898 2535 951 2612 sit,
966 2542 1000 2599 et
1016 2534 1149 2599 alterum
1169 2535 1269 2600 nesci·

110 2638 202 2715 entis,
225 2646 259 2702 et
281 2637 364 2701 hunc
390 2656 459 2699 esse
479 2656 572 2721 super
592 2636 697 2700 omnia
721 2634 841 2700 Deum:
867 2636 1009 2700 docentis
1029 2642 1145 2714 autem,
1167 2644 1199 2700 et
1213 2657 1269 2723 per

110 2762 145 2807 sa
159 2762 230 2805 eam
244 2760 315 2826 quae
329 2747 378 2804 est
391 2739 433 2804 ad
448 2737 578 2803 Patrem
591 2737 719 2823 adoptio
730 2738 875 2816 liliorum,
892 2758 963 2824 qua
984 2745 1033 2802 est
1054 2744 1172 2803 aeterna
1192 2737 1267 2815 vita,

109 2844 254 2910 omuibus
268 2842 363 2929 justis
376 2841 587 2908 attribuentis.

176 2952 208 3015 2.
253 2946 316 3013 Sed
331 2947 477 3034 quoniam
498 2954 607 3012 amant
622 2945 777 3025 incusare,
799 2954 832 3012 et
846 2968 884 3011 ea
898 2967 968 3033 quae
983 2952 1057 3011 sunt
1070 2945 1138 3011 sine
1153 2946 1268 3012 calum·

111 3051 173 3127 nia,
188 3058 224 3115 ut
237 3048 421 3116 calumniosi
440 3047 633 3129 concutiunt,
645 3047 875 3113 multitudinem
891 3046 1106 3133 parabolarum
1120 3056 1153 3114 et
1168 3072 1268 3137 quaes·

110 3154 232 3218 tionum
245 3152 413 3218 inferentes
428 3151 527 3232 nobis,
550 3153 630 3218 bene
651 3152 720 3217 haec
742 3150 885 3217 arbitrati
900 3172 1008 3215 sumus
1022 3151 1123 3236 primo
1138 3150 1268 3217 iuterro-

109 3278 186 3345 gare
196 3276 251 3321 eos
264 3277 282 3321 e
298 3255 453 3322 contrario
468 3256 507 3321 de
521 3256 586 3321 suis
601 3256 810 3343 dogmatibus,
825 3263 858 3320 et
872 3254 955 3343 quod
967 3276 1030 3319 non
1044 3262 1094 3319 est
1105 3254 1268 3322 verisimile

111 3360 248 3446 ipsorum
262 3359 436 3437 ostendere,
451 3367 484 3425 et
498 3358 707 3425 temeritatem
722 3358 860 3445 ipsorum
882 3358 1043 3424 excidere:
1067 3366 1140 3444 post
1155 3358 1267 3424 deinde

113 3460 243 3527 Domini
266 3482 424 3527 sermones
444 3460 624 3541 interrant
646 3461 795 3527 nonsint
818 3469 944 3526 tautum
967 3460 1007 3525 ad
1033 3462 1268 3547 proponendum

111 3571 272 3639 vacantem
295 3564 352 3629 sed
366 3574 492 3651 propter
512 3564 573 3631 hoc
592 3564 676 3651 quod
697 3564 901 3651 nonpossint
923 3564 963 3629 ad
986 3586 1025 3630 ea
1045 3586 1115 3652 quae
1136 3564 1268 3631 iuterro-

112 3674 227 3755 gantur
240 3668 360 3733 ratione
378 3668 574 3755 respondere,
595 3667 777 3733 dissolutam
799 3689 890 3733 suam
909 3668 1050 3735 videntes
1070 3677 1268 3755 argumenta-

112 3770 239 3847 tionem,
259 3776 315 3834 aut
336 3777 525 3836 revertentes
544 3770 586 3835 ad
600 3770 772 3849 verimtem,
795 3778 829 3837 et
849 3771 1035 3859 semetipsos
1057 3771 1266 3852 humiliantes,

112 3880 145 3939 et
168 3881 326 3939 cessantes
349 3893 370 3937 a
390 3872 558 3938 multitaria
580 3894 639 3938 sua
661 3872 837 3961 phantasia,
855 3874 1015 3961 placantes
1035 3874 1139 3939 Deum
1160 3876 1201 3939 de
1217 3876 1268 3942 his

112 3998 182 4064 quoe
203 3976 350 4041 adversus
367 3996 438 4041 eum
453 3975 753 4061 blasphemaverunt,
775 3975 948 4041 salventur:
972 3984 1027 4043 aut
1049 3976 1076 4041 si
1090 3998 1268 4063 persevera·

111 4080 175 4145 rint
196 4080 229 4143 in
250 4100 288 4144 ea
309 4100 379 4167 quae
393 4078 619 4165 praeoccupavit
633 4078 772 4143 animum
791 4076 930 4164 ipsorum
943 4100 1023 4144 vana
1044 4078 1152 4167 gloria,
1174 4101 1267 4167 argu-

111 4181 334 4248 mentationem
355 4202 444 4247 suam
466 4180 660 4248 'immutent

160 4376 254 4427 ¹That
274 4377 318 4426 the
339 4375 416 4423 world
438 4390 489 4424 was
510 4374 608 4423 created
629 4374 664 4439 by
713 4388 763 4438 ey.
778 4374 982 4436 amanuncus,
993 4392 1018 4440 p.
1029 4389 1089 4441 1933
1101 4375 1267 4440 Mannum

112 4459 198 4523 angela
213 4458 364 4521 (κοσμοποιοὶ
381 4454 494 4519 ἄγγελοι)
512 4472 541 4505 aa
558 4456 601 4505 the
619 4457 663 4505 im·
713 4458 1266 4524 p19538anunumos,p.196;Basmmas,

111 4540 219 4589 medmte
235 4544 325 4604 agents
346 4538 375 4587 ol
392 4538 435 4587 the
452 4538 562 4597 Creator,
581 4552 632 4587 was
649 4554 664 4586 a
714 4540 1128 4607 p.199,aoo;01nnooann1s,p.
1142 4540 1266 4603 σοφώ,

112 4620 235 4669 favour-ite
262 4619 416 4685 assumption
447 4620 475 4668 ot
502 4618 662 4669 Griomioiom.
759 4619 839 4671 ’Aa
853 4621 968 4671 denotent.
