3225 5184
322 398 388 466 262
658 410 888 465 nnnrnaena
913 406 1169 465 renoaannm

156 592 307 680 ww
321 576 389 662 ejua
406 596 502 641 oauaa
518 596 587 641 eaae
600 574 810 662 ignorantia!
843 572 952 641 Extra
974 571 1173 663 agnitionem
1192 570 1278 637 enim
1299 568 1480 648 faciteam,

158 667 302 773 myst-3·
321 684 418 743 extra
436 675 586 741 Pleroma
603 695 674 739 eam
690 673 869 761 projiciena.

158 804 309 815 --
395 776 427 841 2.
478 774 732 861 Adhnoqnoque
749 774 775 840 ri
793 774 968 841 secundnm
984 772 1181 862 agnitionem
1198 780 1234 839 et
1249 769 1480 860 ignorantiam,

323 876 410 942 intra
427 875 575 942 Pleroma
597 881 632 940 et
657 881 751 940 extra
768 874 919 941 Pleroma
935 874 1058 951 dicunt,
1074 873 1157 938 aient
1180 872 1309 958 quidam
1334 892 1375 935 ex
1401 872 1482 959 ipaia

323 975 444 1055 dieunt,
456 974 604 1061 qnoniam
623 974 726 1060 quiin
743 974 908 1063 agnitione
924 980 984 1055 eet,
995 974 1083 1040 intra
1098 973 1131 1037 id
1149 980 1209 1047 eat,
1220 972 1306 1059 qnod
1317 972 1480 1058 agnoscit3

322 1074 427 1161 ipsum
442 1075 640 1140 salvatorem
654 1077 763 1161 (quem
782 1076 903 1141 Omnia
917 1096 985 1140 eaae
1001 1074 1126 1158 dicant)
1136 1073 1169 1137 in
1184 1070 1367 1160 ignorantia
1381 1072 1482 1139 ruinae

323 1175 504 1240 consentire
521 1196 574 1239 eoa
590 1196 718 1241 neceaee
735 1181 794 1241 eat.
849 1173 971 1240 Dicunt
987 1172 1072 1240 enim
1089 1195 1173 1251 enm,
1191 1193 1263 1237 enm
1280 1172 1367 1236 ioraa
1382 1180 1481 1238 extra

324 1274 475 1341 Pleroma
487 1274 634 1353 venisset,
653 1274 806 1339 lormaeae
823 1274 963 1339 Matrem
979 1273 1131 1359 ipsorum.
1172 1270 1209 1336 Si
1225 1271 1327 1358 igitur
1341 1270 1375 1336 id
1390 1273 1480 1358 qnod

322 1380 373 1439 eet
390 1380 493 1451 extra,
505 1372 720 1461 ignorantiam
735 1373 847 1439 dieunt
864 1372 1092 1452 universorum,
1105 1370 1184 1437 exiit
1200 1378 1310 1437 autem
1327 1368 1481 1437 Salvator

322 1474 365 1539 ad
382 1474 605 1540 formationem
625 1473 743 1539 Matris
765 1473 916 1559 ipsorum,
935 1478 1029 1539 extra
1045 1471 1241 1560 agnitionem
1257 1471 1480 1536 universorum

322 1573 426 1640 laotua
444 1580 504 1650 eat,
519 1574 580 1639 hoe
591 1580 642 1639 est
658 1572 691 1639 in
707 1572 900 1660 ignorantia
926 1572 1097 1651 Quomodo
1109 1571 1210 1659 igitur
1221 1569 1267 1635 illi
1279 1569 1480 1658 agnitionem

321 1684 478 1759 praestare
494 1679 634 1760 poterat,
652 1696 724 1739 enm
742 1680 776 1739 et
793 1673 861 1759 ipae
878 1679 972 1739 extra
987 1671 1184 1759 agnitionem
1200 1673 1306 1736 eaeetl
1356 1670 1403 1736 Et
1418 1693 1480 1737 noa

252 1762 256 1769 ⁴
322 1773 417 1853 enim,
434 1780 530 1840 extra
545 1772 741 1861 agnitionem
757 1796 831 1839 enm
847 1773 945 1838 amna
960 1772 1110 1857 ipaornm,
1128 1777 1223 1836 extra
1244 1769 1394 1836 Pleroma
1408 1794 1480 1837 eaae

324 1872 445 1940 dieunt.
499 1874 546 1939 Et
570 1873 711 1939 iternm:
739 1873 774 1938 Si
799 1873 899 1961 igitur
921 1872 1071 1937 Salvator
1094 1869 1195 1938 exivit
1217 1877 1312 1937 extra
1327 1868 1481 1937 Pleroma

323 1972 364 2037 ad
389 1972 668 2060 investigationem
693 1974 829 2059 perditae
851 1972 927 2052 ovia,
956 1972 1106 2037 Pleroma
1132 1977 1242 2036 autem
1268 1978 1319 2037 eat
1341 1970 1478 2057 agnitio,

323 2077 417 2137 extra
434 2072 628 2159 agnitionem
645 2073 748 2138 laetus
766 2080 825 2151 eat,
844 2072 929 2158 qnod
944 2080 995 2138 eat
1010 2072 1045 2137 in
1061 2070 1252 2158 ignorantia
1304 2070 1376 2137 Ant
1391 2071 1479 2137 enirn

322 2169 476 2251 localiter,
496 2172 582 2256 qnod
598 2178 648 2236 eat
665 2178 760 2237 extra
777 2172 928 2238 Pleroma
944 2171 1124 2238 consentire
1140 2194 1194 2236 eoa
1209 2192 1336 2236 neceaae
1353 2178 1424 2252 eat;
1441 2180 1478 2237 et

323 2269 430 2335 omnia
447 2292 518 2356 qnae
535 2270 690 2356 praedicta
712 2280 788 2337 aunt
804 2271 968 2337 contraria
984 2279 1153 2338 occurrent
1168 2272 1232 2336 eia:
1257 2270 1308 2335 vel
1324 2269 1352 2336 ai
1365 2292 1478 2336 aecan-

324 2370 400 2435 dnm
418 2368 614 2458 agnitionem
631 2370 742 2437 dicunt
758 2373 844 2458 qnod
866 2379 916 2438 eet
931 2372 1027 2446 intua,
1045 2380 1080 2437 et
1097 2370 1313 2459 ignorantiam
1326 2372 1412 2457 qnod
1425 2378 1478 2438 eat

323 2476 428 2550 extra,
456 2469 605 2537 Salvator
627 2470 763 2553 illorum,
789 2478 824 2537 et
851 2471 953 2537 multo
975 2478 1052 2537 ante
1069 2470 1226 2550 (lhriatna,
1242 2470 1277 2535 in
1295 2471 1478 2558 ignorantia

323 2568 402 2636 laeti
416 2577 520 2649 ernnt,
539 2578 633 2637 extra
649 2572 797 2638 Pleroma
814 2571 932 2661 egreaai
952 2573 994 2638 ad
1009 2571 1247 2637 ¹lormationem
1263 2570 1377 2637 matria
1392 2571 1477 2659 ipao-
1488 2585 1518 2624 ⁰·
1529 2587 1571 2625 ’ἢ

323 2692 405 2750 rum,
424 2672 510 2758 qnod
527 2678 577 2737 eat
593 2678 687 2738 extra
702 2672 911 2760 agnitionem.

400 2774 433 2841 3.
488 2772 571 2837 Haee
588 2780 697 2838 antem
714 2773 865 2838 adverana
882 2794 991 2838 omnea
1008 2772 1063 2859 qni
1085 2771 1229 2858 quolibet
1249 2768 1346 2837 modo
1362 2771 1412 2835 vel
1432 2771 1477 2836 ab

324 2871 455 2959 angelis,
483 2872 533 2937 vel
562 2872 605 2937 ab
634 2870 697 2937 alio
731 2874 870 2957 quodam
898 2880 1021 2959 praeter
1045 2893 1155 2937 verum
1185 2870 1291 2937 Deum
1320 2870 1477 2936 mundum

323 2971 445 3037 iactum
461 2992 531 3037 ease
547 2971 667 3047 dicunt,
685 2970 831 3037 similiter
850 2973 1103 3060 adaptabuntur.
1155 2971 1262 3050 Quam
1284 2971 1370 3037 enim
1388 2969 1476 3036 inen-

323 3068 479 3136 aationem
508 3070 631 3137 iaciunt
665 3072 706 3136 de
735 3070 922 3160 Demiurgo,
951 3078 986 3138 et
1016 3074 1058 3138 de
1090 3069 1150 3151 hia,
1178 3092 1250 3158 qnae
1280 3072 1367 3137 laeta
1399 3076 1478 3136 aunt

323 3168 502 3236 materialia
518 3177 552 3237 et
567 3170 766 3258 temporalia,
780 3178 924 3238 recurret
940 3171 974 3237 in
991 3174 1136 3239 Patrem:
1155 3170 1312 3258 aiqnidem
1325 3170 1478 3257 quemad·

323 3270 454 3336 modunl
478 3269 512 3336 in
537 3279 649 3337 ventre
668 3270 860 3338 Pleromatis
882 3272 970 3339 iacta
992 3280 1079 3352 aunt,
1104 3295 1176 3358 qnae
1198 3271 1376 3359 inciperent
1398 3292 1477 3337 mox

324 3370 451 3437 demum
473 3370 603 3437 dissolvi
622 3372 795 3439 seeundum
810 3370 1046 3438 oonoeaaionem
1066 3379 1101 3439 et
1118 3375 1160 3438 ad
1183 3370 1336 3459 placitam
1354 3369 1475 3437 Patria.

323 3468 402 3535 Jam
426 3470 527 3559 igitur
552 3492 617 3538 non
644 3478 694 3538 eet
719 3472 894 3538 fabricator
918 3493 1016 3537 cauea
1040 3471 1135 3557 hujna
1159 3470 1364 3558 operationia,
1383 3470 1477 3536 valde

323 3569 405 3633 bene
422 3576 539 3656 putans
555 3571 759 3657 semetipsum
783 3572 949 3648 labrioare‚
965 3572 1022 3637 aed
1042 3572 1096 3658 qni
1120 3573 1153 3638 in
1177 3570 1243 3636 auia
1268 3570 1417 3637 concedit
1441 3578 1476 3636 et

324 3668 442 3753 probat
470 3668 551 3735 labia
578 3670 773 3757 prolationes
800 3678 834 3737 et
859 3670 977 3737 erroris
999 3693 1098 3758 opera
1120 3671 1200 3750 fieri,
1227 3677 1261 3737 et
1286 3670 1320 3737 in
1346 3669 1477 3736 oetemia

324 3767 522 3853 temporalia,
541 3775 575 3835 et
599 3768 633 3835 in
658 3769 952 3857 incorruptibilibus
974 3772 1204 3858 corruptibilia,
1221 3783 1256 3837 et
1278 3771 1312 3838 in
1331 3770 1382 3835 hia
1404 3792 1476 3857 quaa

323 3865 468 3933 veritatis
485 3876 570 3942 aunt,
587 3892 627 3936 ea
644 3890 715 3955 quae
731 3879 808 3936 aunt
824 3871 950 3937 erroria.
1003 3871 1038 3937 Si
1052 3880 1161 3937 autem
1181 3892 1245 3937 non
1271 3872 1475 3949 concedente,

322 3986 427 4052 neqne
442 3971 642 4055 approbante
652 3971 750 4037 Patre
765 3970 992 4047 nnivereorum
1006 3970 1094 4037 faeta
1110 3978 1186 4038 aunt
1197 3971 1283 4043 haece
1301 3970 1475 4058 potentior,

323 4074 357 4132 et
374 4067 499 4146 fortior,
517 4077 552 4135 et
569 4068 762 4135 dominatior
778 4069 816 4147 ia,
833 4069 906 4157 'qni
926 4070 1003 4137 lecit
1026 4071 1060 4136 in
1078 4070 1126 4150 iia,
1143 4094 1215 4158 qnae
1238 4071 1369 4157 propria
1393 4068 1476 4135 illim

322 4174 408 4246 aunt,
427 4191 624 4257 quaecunque
639 4169 691 4236 ille
711 4191 775 4235 non
799 4168 964 4237 conceaait.
1014 4170 1049 4236 Si
1070 4178 1179 4237 autem
1205 4192 1270 4237 non
1294 4171 1477 4258 approbans

371 4368 380 4400 ¹
397 4370 450 4421 'rae
467 4372 523 4421 finnt
539 4371 673 4422 formation
688 4372 718 4421 oi
731 4372 874 4421 Achamoth
973 4371 1054 4423 'Tha
1072 4377 1189 4423 manoe
1205 4374 1227 4423 ia
1245 4389 1314 4423 more
1332 4372 1478 4437 intelligible

321 4450 355 4513 by
372 4450 456 4502 chria
471 4468 523 4502 vvaa
540 4450 592 4503 κατ’
608 4454 691 4503 οὐσίαν
707 4453 773 4518 only,
793 4470 819 4518 p.
834 4468 873 4515 32.
924 4455 950 4503 in
973 4454 1017 4504 the
1036 4455 1135 4505 Greek:
1161 4457 1301 4519 κυριώτερος
1324 4456 1337 4504 ὖ
1358 4456 1433 4504 ταῶν
1451 4456 1479 4504 ἐν

321 4530 375 4580 The
391 4532 482 4581 aecond
496 4534 530 4598 by
543 4534 616 4584 Soter
629 4550 678 4583 war
696 4536 760 4583 κατὰ
775 4537 871 4597 γνῶσιν,
928 4538 1009 4587 αὐτοῖς
1019 4538 1053 4586 τὰ
1065 4538 1140 4587 αὐτοῦ
1157 4539 1213 4600 ἴδια,
1229 4538 1278 4588 lea
1289 4538 1376 4587 ἐκεῖνος
1391 4534 1417 4599 [ὁ
1427 4537 1479 4585 ne·

322 4626 399 4675 neo-
925 4616 1237 4681 rememorem·
