3225 5184
624 391 912 447 mancosloauu.
1274 382 1339 446 141

83 570 166 655 {iffi
188 550 352 649 φανέντος
377 550 541 634 ἐπισήμου
564 554 607 629 είς
633 549 734 623 adata
765 550 803 621 δι’
832 552 934 623 αὑτοῦ
959 546 1002 657 [l.
1023 554 1066 628 αἰ·
1092 553 1254 638 ἐπίσημον
1279 560 1504 673 roinpprfvmp.

81 662 113 702 ¹''
122 662 155 707 ⁴⁷·
187 659 222 732 δε
235 657 396 767 ἇριθμοῦ]
411 664 585 754 γενομένην
601 664 823 755 ἇνογέννησιν.
844 663 971 734 Ἐνθον
982 664 1037 734 καί
1049 662 1094 736 τὰ
1115 662 1220 736 διπλᾶ
1233 668 1343 765 γρᾶμ-
1355 644 1505 764 fflffill‘l'·

185 805 279 857 ματα
305 772 367 845 τὸν
389 773 531 872 ἀριθμὸν
553 776 733 860 ιε’νιίσημον
755 778 842 871 ἔχειν
868 776 983 875 φησίν.
1017 777 1062 846 'O
1088 774 1157 877 γὰρ
1183 779 1503 862 ε’πίσημος“““”“”

186 884 326 985 ἀριθμὸς
351 889 548 985 συγκροθείς
573 900 646 965 τοῖς
675 890 947 987 εἰκοσιτέσσαρα
972 890 1163 986 στοιχείοις,
1182 889 1225 963 vd
1248 922 1344 989 τρια-

186 1029 288 1070 κοντα
319 996 524 1096 γράμματον
550 1000 653 1085 ὄνομα
682 1001 878 1073 ιἰπετέλεσε.

267 1113 300 1179 8.
353 1109 530 1209 Κέχρηται
557 1111 592 1183 δὲ
615 1112 750 1203 διακόνῳ
775 1118 830 1202 τῷ
854 1117 921 1185 τῶν
938 1109 1026 1184 ἔπτὰ
1055 1112 1202 1211 ἀριθμῶν
1226 1116 1343 1207 ’μεγέ-

188 1225 246 1304 θει,
267 1220 307 1298 α’ίι·
328 1228 432 1321 Φησιν
458 1228 476 1306 ή
502 1223 645 1323 Μιίριιου
672 1225 771 1315 Σιγή,
788 1225 842 1295 ’ίνα
869 1232 928 1307 τῆς
944 1226 1201 1312 αι’ντοβουλήτου
1217 1229 1343 1315 βουλῆς

188 1338 364 1432 φανερωθῆ
386 1336 404 1405 ὁ
430 1338 566 1435 καρπός.
601 1336 674 1408 Τὸν
698 1337 757 1419 μέν
783 1368 840 1408 τοι
862 1337 1025 1420 ἐπίσημον
1048 1343 1172 1409 τοῦτον
1201 1338 1343 1438 ἆριθμόν

188 1442 312 1553 [ΗΙΡΡ.
327 1454 404 1519 deleo
422 1455 546 1521 τοῦτον
563 1444 637 1555 ἀρ]
657 1448 712 1518 ε’πί
735 1454 799 1521 τοῦ
819 1451 995 1547 παρόντος,
1016 1449 1112 1547 φησί,
1130 1448 1190 1521 τδν
1208 1452 1263 1522 ἐπὶ
1280 1458 1345 1523 τοῦ

188 1560 351 1646 ἐπισήμου
383 1562 607 1660 μορφωθέντα
647 1562 774 1645 νόησον,
814 1561 876 1633 τὸν
909 1560 1024 1659 ὥσπερ
1063 1563 1266 1659 μερισθέντα
1301 1560 1342 1647 3ή

189 1672 456 1772 διχοτομηθέντα
487 1672 541 1743 καί
572 1671 634 1766 ἔξω
665 1672 833 1757 μείναντα,
864 1674 899 1750 ὃς
924 1676 967 1766 τῇ
997 1674 1117 1744 ἑαυτοῦ
1144 1672 1273 1759 δυνάμει
1301 1706 1343 1747 τε

188 1788 241 1859 καί
268 1787 439 1886 φρονήσει,
466 1783 519 1856 διὰ
539 1792 597 1867 τῆς
622 1786 677 1855 ἀπ’
709 1786 812 1856 αὐτοῦ
836 1787 1011 1885 προβολῆς
1036 1791 1160 1858 τοῦτον
1185 1785 1246 1859 τὸν
1275 1793 1342 1859 τῶν

106 1961 112 1975 .
146 1962 150 1972 .
189 1897 275 1971 ἔπτὰ
301 1897 467 1982 δυνάμεων,
490 1897 544 1969 καί
572 1893 679 2003 [κατὰ
697 1900 800 1968 ΗῐΡΡ.
823 1902 958 1982 μιμήσει
977 1890 1096 2000 tantan]
1121 1899 1257 1982 μίμησιν
1283 1907 1342 1981 τῆς

187 2010 394 2099 4ἑβδομάδος·
428 2008 593 2094 δυνάμεως,
630 2008 793 2108 ε’ψιίχιοσε
826 2012 962 2095 κόσμον,
997 2010 1051 2082 καί
1090 2010 1207 2107 ψυχήν
1243 2013 1341 2083 ἔθετο

186 2216 236 2275 est
257 2208 387 2296 insignis
412 2210 446 2273 in
471 2230 543 2275 eum
564 2229 740 2275 numerum.
794 2208 882 2274 Hino
902 2207 1000 2275 etiam
1019 2215 1054 2275 et
1073 2208 1214 2295 dupliees
1230 2208 1340 2275 literas

185 2331 354 2374 numerum
369 2308 523 2395 insignem
539 2308 659 2372 habere
676 2310 732 2373 ait.
773 2308 912 2396 Insignis
929 2307 1013 2373 enim
1030 2331 1179 2373 numerus
1190 2308 1340 2373 commix-

185 2420 239 2473 tus
252 2408 363 2495 viginti
381 2416 519 2494 quatuor
533 2408 698 2473 elementis
715 2432 783 2473 xxx
796 2407 963 2473 literarum
983 2430 1098 2474 nomen
1120 2408 1281 2493 explicuit.

264 2513 294 2573 8.
327 2506 413 2572 Usus
426 2519 476 2572 est
488 2514 596 2571 autem
611 2506 754 2572 Diaoono
764 2513 888 2593 septem
898 2528 1101 2571 numerorum
1112 2506 1339 2594 magnitudine,

186 2608 453 2693 quemadmodum
470 2606 549 2671 dicit
569 2605 673 2671 Marci
694 2606 778 2693 Sige,
797 2615 835 2671 ut
852 2607 893 2670 ab
916 2628 950 2670 se
971 2606 1122 2691 eogitatae
1137 2606 1340 2691 cogitationis

186 2707 408 2771 manifestetur
424 2707 556 2772 fructus.
604 2704 649 2769 Εο
669 2706 827 2791 insignem
850 2705 977 2790 quidem
1004 2705 1088 2769 hune
1114 2726 1281 2768 numerum
1306 2705 1339 2769 in

186 2806 345 2892 prasenti,
358 2806 414 2883 ait,
430 2828 502 2869 enm
519 2804 573 2890 qui
587 2806 628 2869 ab
646 2804 761 2891 insigni
771 2805 927 2893 figuratus
945 2812 993 2870 est
1007 2804 1141 2890 intelligi
1154 2801 1337 2893 [intellige]

186 2929 258 2970 eum
276 2904 330 2990 qui
349 2905 437 2991 quasi
455 2906 488 2969 in
504 2912 614 2989 partes
632 2903 749 2969 divisus
767 2917 826 2980 est,
841 2912 898 2969 aut
911 2904 1071 2990 praecisus,
1090 2914 1122 2968 et
1140 2904 1217 2967 foris
1234 2926 1340 2988 perse-

185 3006 314 3077 veravit,
328 3005 381 3089 qui
394 3026 451 3068 sua
464 3002 583 3068 virtute
600 3011 634 3069 et
651 3004 824 3089 prudentia
836 3026 894 3088 per
906 3026 976 3069 eam
991 3027 1063 3089 qnae
1074 3014 1123 3067 est
1135 3004 1176 3068 ab
1194 3026 1232 3068 eo
1247 3003 1339 3067 emis-

185 3104 315 3183 sionem,
333 3104 428 3181 hunn,
446 3103 500 3189 qui
525 3110 575 3168 est
592 3104 732 3189 ⁶septem
750 3103 914 3178 virtutum,
933 3104 1106 3167 seeundum
1129 3102 1339 3166 imitationem

183 3286 242 3329 τυιιί
263 3280 335 3330 etium
359 3280 455 3331 Tmou.
479 3280 522 3330 lib.
540 3292 565 3329 V.
585 3280 641 3330 adv.
665 3280 735 3329 Mor·
835 3278 967 3341 ’μεγέθεα
987 3279 1087 3344 namely
1110 3279 1220 3339 ἀληθείᾳ,
1244 3278 1339 3341 having

184 3362 340 3426 οἰυιιαοοαρ.
353 3380 377 3424 4.
391 3362 546 3424 Δαμυοιίιιιιι
557 3362 636 3411 Τναοί.
651 3361 736 3410 moin
786 3376 860 3410 seven
884 3362 977 3410 letters.
1029 3361 1215 3422 Δίποβουλήτου
1239 3362 1337 3422 βουλῆς,

184 3444 309 3494 Iuleae
326 3444 557 3508 Bedoineap.19.
574 3442 665 3493 Jonas.
694 3442 736 3492 Sic
786 3442 903 3505 meaning
921 3442 965 3490 the
983 3440 1151 3505 independent
1168 3444 1289 3503 σύλληψις
1311 3440 1341 3489 of

184 3532 264 3573 αυίοοο
282 3540 335 3573 eam
351 3524 415 3572 diem
432 3524 568 3587 appellant,
587 3522 651 3586 quod
664 3522 736 3585 jum
786 3523 938 3572 Achamoth.
973 3522 1260 3586 Hereseetheprefaoe.

184 3604 256 3667 Lapis
278 3605 450 3667 prmmiptum
477 3620 556 3667 puros
585 3603 734 3664 υοείιῗιιιοιιίίι,
835 3603 1088 3666 ’ῆδιχοτομηθίπα
1101 3605 1172 3653 these
1182 3604 1263 3652 words
1278 3602 1338 3652 read

184 3686 251 3748 etue,
264 3688 410 3751 emortuo,
423 3687 545 3737 οίοαίιιιίο
560 3702 597 3736 eor
611 3702 656 3735 ease
672 3686 735 3735 dece·

184 3770 232 3829 ὸαι,
244 3769 288 3832 συί
297 3786 394 3818 sumum
400 3768 499 3818 Ραοοίιιι
505 3776 577 3817 asera
585 3768 735 3819 οοίιίιταίυτί.

188 3850 255 3901 Unde
269 3852 445 3902 etJudoemom
453 3850 580 3914 principa
592 3866 644 3899 non
659 3851 735 3899 intra·

184 3936 276 3979 verunt
282 3932 425 3995 praeton'um
435 3932 518 3992 Pilati,
524 3936 554 3980 ut
561 3947 610 3980 non
619 3931 737 3980 contami·

185 4016 305 4061 narentur
317 4012 363 4075 (ait
374 4012 535 4077 Ευαιιριί-ίοία)
546 4012 588 4061 aod
599 4014 662 4075 puri
672 4012 736 4061 vide·

184 4094 238 4145 le'oel
249 4096 425 4145 munducarent
435 4097 540 4146 Ραοοίια.
559 4096 666 4146 Ροιιανδ.

235 4173 244 4206 ¹
262 4176 304 4223 τὸν
316 4176 414 4237 αριθμὸν
424 4178 548 4237 ἐπίσημον,
561 4176 605 4225 i.e.
616 4177 737 4225 thanum·

786 3683 837 3733 like
847 3700 864 3733 a
874 3684 941 3747 gloss
955 3684 1021 3733 from
1032 3685 1075 3733 the
1085 3686 1191 3748 margin,
1206 3684 1337 3733 Hmonr·

787 3777 837 3813 rus
853 3766 927 3813 omits
943 3766 1019 3815 them.
1055 3766 1119 3827 Still,
1136 3767 1159 3814 if
1171 3767 1232 3830 they
1247 3783 1289 3815 are
1305 3783 1338 3815 an

787 3847 972 3911 interpolation,
988 3849 1032 3897 the
1053 3849 1187 3897 translator
1204 3849 1255 3897 had
1270 3849 1339 3898 them

788 3927 815 3975 in
828 3928 867 3975 his
878 3943 949 3991 copy.
1336 3931 1338 3935 ’

837 4008 1003 4071 *ἑβδομίδοη
1027 4008 1071 4056 the
1098 4008 1236 4071 Demiurge
1263 4008 1341 4056 called

790 4089 943 4149 Hebdomas,
971 4102 991 4139 1.
1014 4091 1028 4148 5
1050 4104 1075 4154 9.
1116 4089 1271 4153 Hippolytus
1295 4090 1341 4138 has

790 4170 964 4230 ἑποίυνιίμου,
986 4169 1037 4219 and
1054 4171 1097 4219 the
1116 4186 1187 4219 senae
1206 4170 1289 4218 would
1310 4170 1342 4218 be

186 4256 230 4305 ber
246 4253 269 4314 6,
290 4256 319 4303 ol
332 4256 412 4303 whieh
429 4257 472 4304 the
489 4259 606 4315 ἐπίσημον
621 4259 671 4319 βιοῦ
687 4272 738 4305 was
790 4252 834 4301 the
844 4267 925 4311 aame;
942 4252 983 4300 for
992 4251 1053 4299 each
1064 4251 1093 4299 os
1101 4251 1145 4299 the
1151 4266 1225 4299 seren
1233 4250 1342 4300 heavens

186 4332 230 4381 the
252 4330 357 4395 symbol,
382 4331 433 4379 and
455 4332 484 4381 of
503 4332 584 4381 whioh
606 4332 648 4381 the
670 4334 739 4381 three
790 4332 905 4398 presided
920 4348 979 4381 over
995 4331 1029 4395 by
1040 4332 1083 4379 the
1096 4330 1232 4395 Demiurge
1242 4347 1294 4381 was
1308 4348 1342 4381 an

186 4414 277 4462 double
294 4418 452 4473 oonsonants,
470 4414 542 4461 when
558 4414 669 4463 resolved
686 4416 739 4462 into
790 4414 887 4479 angslio
897 4430 995 4463 suanos
1005 4428 1034 4461 or
1045 4414 1147 4472 διἠιιμιι.

186 4496 253 4545 their
285 4496 374 4560 simple
406 4494 533 4556 elements,
567 4496 667 4545 contain
697 4496 740 4545 the
841 4495 908 4556 lm,
920 4494 1026 4544 omitted
1036 4495 1071 4559 by
1082 4493 1342 4554 Gnana‚issoundln

187 4592 252 4626 sum.

793 4577 837 4624 the
849 4577 949 4626 cnaau.
962 4576 1012 4625 and
1022 4576 1130 4625 Asusn
1144 4575 1221 4624 MSS.
