3225 5184
607 425 869 480 cnanrsunnn.
1252 409 1319 481 375

164 587 208 678 τῇ
225 589 291 656 τῶν
310 588 437 656 λοιπῶν
451 584 637 683 ἀνθρώπων,
653 587 758 664 καθῶς
776 584 819 665 είς
835 588 977 665 ἕκαστος
997 587 1102 659 αῦτῶν
1118 585 1179 670 τὴν
1198 583 1320 685 δωρεὰν
1332 601 1421 685 naq.
1431 602 1484 641 ιιι,

165 699 287 798 εἴληφ’
311 697 389 798 vup’
408 698 520 770 αὐτοῦ·
556 699 604 769 Οἵ
628 697 688 783 μὲν
711 697 779 800 ’γὰρ
807 698 961 783 δαίμονας
985 700 1156 770 ελοιίνονσι
1171 700 1318 788 βεβαίως
1339 695 1474 781 ‘RQ

164 811 217 884 'sal
239 812 374 896 ἀληθῶς,
393 807 483 882 ὥστε
506 809 670 889 πολλάκις
693 813 747 883 καὶ
767 815 934 885 πιστεύειν
954 812 1069 890 αῦτοῦς
1089 813 1224 889 ἐκείνους
1240 813 1317 892 τοὺς
1330 788 1478 876 Σώζ-

164 925 426 1026 καθαρισθέντας
452 923 520 996 ιἰπῦ
546 929 611 997 τῶν
634 931 782 1026 πονηρῶν
804 924 1002 1011 πνευμάτων,
1027 926 1080 998 καὶ
1106 925 1183 996 είναι
1208 927 1242 996 ἒν
1273 935 1317 1020 τῇ

165 1040 333 1130 ἐκκλησίᾳ.
374 1039 422 1108 Οἱ
439 1036 473 1108 δὲ
501 1036 554 1108 καί
579 1040 771 1138 πρόγνωσιν
798 1039 912 1136 ἔχουσι
940 1044 1006 1111 τῶν
1030 1042 1233 1124 μελλόντων,
1261 1040 1315 1111 καὶ

167 1153 344 1235 ὀπτασίας,
361 1151 414 1222 καὶ
431 1156 541 1250 ῥήσεις
560 1148 781 1251 προφητικάς.
819 1152 953 1222 Ἀλλοι
981 1150 1016 1222 δὲ
1032 1152 1109 1230 τοῦς
1133 1148 1316 1236 κάμνοντας

167 1263 219 1335 διὰ
232 1273 290 1348 τῆς
304 1269 370 1336 τῶν
383 1270 501 1362 χειρῶν
515 1265 690 1342 ἐπιθέσεως
706 1266 830 1351 ι’ῶνται,
843 1265 897 1336 καί
917 1269 1016 1359 ὑγιεῖς
1033 1265 1315 1337 άποκαθιστᾶσιν.

160 1375 255 1461 Ἤδη
274 1376 316 1462 di,
334 1377 439 1454 καθὼς
459 1379 595 1476 ἔφαμεν,
613 1378 667 1450 καὶ
688 1379 793 1477 νεκροὶ
813 1380 1011 1477 ἦγέρθησαν,
1030 1379 1100 1449 ικαὶ
1118 1379 1317 1477 παρέμειναν

65 1525 91 1562 ο.
104 1524 144 1563 rus.
168 1490 227 1562 σῦν
244 1493 317 1575 ἡμῖν
337 1493 455 1568 ἱκανοῖς
475 1492 576 1563 ἔτεσι.
605 1491 675 1562 Kal
695 1493 732 1564 τί
750 1489 841 1591 γάρ;
870 1494 926 1563 οῦκ
945 1492 1038 1563 ἔστιν
1056 1490 1197 1590 ἀριθμὸν
1216 1494 1317 1561 εἰπεῖν

167 1609 233 1676 τῶν
261 1601 489 1702 χαρισμάτων,
519 1604 562 1675 ῶν
590 1602 677 1676 κατὰ
705 1602 832 1681 παντὸς
860 1610 924 1676 τοῦ
954 1604 1083 1687 κόσμου
1113 1607 1130 1686 ἡ
1162 1604 1318 1686 ἐκκλησία

168 1715 261 1815 παρὰ
293 1717 381 1788 Θεοῦ
407 1718 576 1805 λαβοῦσα,
603 1719 636 1788 e'v
666 1721 715 1808 τῷ
747 1719 886 1801 ὀνόματι
918 1715 1031 1799 Ἰησοῦ
1058 1716 1227 1816 Χριστοῦ,
1257 1721 1320 1788 τοῦ

168 1831 417 1930 στονριοθὲντος
456 1829 510 1900 ἐπὶ
544 1829 694 1902 Ποντίου
730 1827 898 1914 Πιλάτου,
937 1827 1076 1913 ἑκάστης
1112 1830 1231 1928 ἡμέρας
1267 1827 1317 1898 ἐπ’

168 1942 340 2042 εὐεργεσίᾳ
372 1949 419 2036 τῇ
453 1947 520 2014 τῶν
550 1943 648 2014 ε’θνῶν
681 1946 837 2027 ἐπιτελεῖ,
867 1947 953 2028 μήτε
981 1939 1186 2036 ἐξαπατῶσα
1217 1939 1317 2025 τινάς,
1331 1972 1421 2059 ριιὲει.
1431 1969 1475 2010 ern.

167 2056 251 2140 μήτε
280 2053 569 2156 ἐξαργυριζομένη.
623 2055 678 2134 Ὡς
707 2053 774 2156 γάρ
802 2053 923 2156 δωρεάν
952 2054 1072 2155 εἴληφε
1101 2052 1194 2155 παρὰ
1222 2053 1319 2137 θεοῦ,
1343 2048 1350 2065 ’

168 2165 289 2269 δωρεῶν
308 2169 361 2240 καὶ
380 2167 527 2239 διακονεῖ.

166 2309 318 2378 beneficia
340 2308 527 2396 reliquorum
552 2308 724 2386 hominum,
750 2308 1010 2392 quemadmodum
1035 2307 1247 2392 unusquisque
1269 2328 1322 2372 ac·

168 2413 252 2498 cepit
266 2412 382 2478 donum
396 2414 436 2477 ab
452 2435 499 2478 eo.
546 2411 612 2474 Alii
633 2410 715 2474 enirn
730 2411 889 2475 daenrones
908 2411 1077 2475 excludunt
1096 2409 1272 2474 firmissime
1289 2417 1322 2474 et

67 2559 69 2566 ·
169 2539 250 2594 vere,
279 2523 315 2582 ut
343 2516 437 2582 etiam
467 2515 638 2599 saepissime
667 2515 795 2582 credant
824 2515 883 2599 ipsi
913 2514 966 2600 qui
1002 2513 1162 2579 emundati
1193 2522 1268 2578 sunt
1302 2536 1323 2578 a

169 2617 367 2706 nequissimis
389 2618 558 2706 spiritibus,
585 2625 618 2682 et
639 2617 704 2683 sint
726 2616 759 2680 in
786 2617 946 2683 Ecclesia:
969 2617 1023 2682 alii
1050 2625 1156 2681 autem
1185 2624 1219 2682 et
1243 2639 1323 2702 pree·

169 2722 332 2788 scientiam
347 2721 464 2786 hubent
476 2721 659 2798 futurorum,
676 2727 709 2785 et
725 2720 869 2798 visiones,
887 2728 921 2785 et
940 2720 1092 2786 dictiones
1115 2719 1323 2807 propheticus.

170 2825 237 2890 Alii
251 2831 357 2890 sutem
372 2824 549 2890 laborantes
562 2823 666 2908 aliqua
679 2822 871 2903 infirmitate,
886 2846 942 2910 per
959 2845 1072 2889 manus
1094 2824 1323 2910 impositionem

170 2936 291 3005 curant,
306 2934 339 2992 et
353 2949 447 2993 sanos
461 2927 640 2992 restituunt.
676 2926 701 2990 J
701 2948 752 2992 am
773 2927 880 3005 etiam,
902 2927 1163 3012 quemadmodum
1177 2926 1323 3005 diximus,

170 3039 203 3096 et
218 3029 330 3095 mortui
343 3037 587 3108 resurrexemnt,
599 3037 632 3094 et
642 3038 915 3115 perseveraverunt
927 3029 1089 3093 nobiscum
1102 3028 1193 3093 annis
1206 3026 1324 3094 multis.

172 3133 216 3198 Et
231 3133 305 3220 quid
328 3135 456 3198 autem!
500 3133 573 3198 Non
590 3141 639 3200 eet
660 3155 823 3198 numerum
845 3131 947 3196 dicere
967 3131 1148 3218 gratiamm,
1172 3153 1250 3216 quas
1270 3152 1325 3216 per

171 3237 349 3301 universum
372 3236 523 3301 mundum
548 3235 729 3301 Ecclesiae
746 3236 817 3300 Deo
837 3234 1004 3322 accipiens,
1020 3235 1052 3298 in
1066 3234 1192 3298 nomine
1207 3232 1325 3298 Christi

172 3339 196 3403 J
198 3361 264 3417 esu,
280 3339 420 3404 crucifixi
434 3339 494 3403 sub
510 3339 625 3404 Pontio
641 3338 755 3416 Pilato,
770 3360 827 3424 per
846 3337 986 3425 singulos
1007 3337 1075 3402 dies
1097 3336 1130 3402 in
1150 3335 1326 3422 opitulatio·

173 3465 246 3508 nem
261 3442 403 3530 gentium
420 3441 552 3528 perficit,
573 3463 674 3528 neque
693 3442 847 3506 seducens
867 3440 1011 3528 aliquem,
1036 3461 1093 3505 nec
1114 3439 1278 3526 pecuniam
1297 3439 1325 3503 ei

172 3547 328 3612 auferens.
380 3545 649 3628 Quemadmodum
684 3545 767 3610 enim
799 3544 899 3632 gratis
923 3543 1045 3630 occepit
1071 3564 1092 3608 a
1115 3542 1196 3621 Deo,
1227 3541 1328 3627 gratis

173 3658 205 3716 et
232 3649 399 3714 ministrat.
455 3647 542 3713 2Nec
571 3647 817 3713 invocationibus
842 3646 992 3733 angelicis
1016 3645 1092 3711 lacit
1119 3643 1246 3732 aliquid,
1270 3664 1328 3709 nec

222 3910 232 3942 ¹
249 3910 302 3959 The
314 3909 401 3958 resder
411 3908 461 3957 vvill
472 3914 518 3960 not
528 3909 572 3958 l'ail
585 3913 612 3957 lo
626 3908 726 3958 remark
824 3904 902 3955 ¹Nec
912 3904 1103 3954 inocentiomhue
1120 3902 1242 3965 οιιροίίιίι.
1272 3903 1328 3950 Μο-

172 3992 224 4041 this
240 3991 327 4056 highly
344 3991 491 4054 interesting
510 3989 653 4054 testimony,
669 3990 727 4038 that
775 3987 854 4049 liques
875 3994 970 4034 ιοιιιιιιη
991 3983 1094 4047 spiritus
1114 3984 1158 4034 hoe
1175 3984 1225 4033 loeo
1241 3983 1331 4032 iutelli-

174 4073 216 4121 the
227 4073 311 4122 divine
322 4073 462 4135 χαρίσματα
472 4071 597 4121 bestowed
604 4086 671 4134 upon
684 4070 729 4118 the
775 4069 865 4130 μονάσι
880 4074 946 4115 notat
964 4065 1148 4125 Feucrdcute'ue,
1170 4081 1228 4128 ques
1242 4064 1331 4114 ιιάίίοα

173 4155 256 4204 infant
271 4155 370 4203 Ghurch
382 4169 445 4203 vvere
463 4159 508 4202 not
525 4153 615 4217 wholly
632 4153 728 4201 extinct
777 4147 1263 4210 &mentuameitompoeraetant
1272 4146 1329 4195 alii-

174 4238 200 4286 ln
211 4237 254 4287 the
265 4237 327 4301 days
342 4237 371 4286 of
384 4237 519 4285 Istumne.
555 4235 669 4298 Possibly
685 4235 728 4282 the
778 4248 822 4295 quc
833 4228 1331 4293 mleflciadmproeeiyimmdoe

174 4319 305 4367 venorable
323 4319 344 4367 F
345 4320 416 4368 ather
432 4319 453 4367 is
470 4317 592 4382 speaking
607 4317 670 4365 from
688 4315 727 4364 his
778 4316 806 4364 e'n
817 4331 885 4378 opem
895 4314 1030 4363 ενοοοοοιιι.
1059 4313 1105 4361 Ast
1116 4329 1158 4361 nec
1169 4313 1241 4362 honor
1250 4312 1330 4374 Δομι-

175 4417 230 4449 οπο
243 4400 357 4465 perscnal
373 4399 530 4449 recollectione
546 4400 576 4447 ct
589 4413 657 4446 some
671 4398 728 4446 vvho
778 4395 814 4445 los
824 4395 855 4445 ol
866 4394 974 4444 &cletis
987 4393 1022 4442 ad
1034 4394 1145 4443 νὶνιιιιιιπ
1155 4393 1332 4442 miraculorum

175 4482 225 4530 had
236 4482 297 4531 been
309 4481 389 4530 raised
399 4481 464 4530 from
480 4481 524 4529 the
535 4480 606 4540 dead,
619 4478 669 4528 and
679 4479 729 4528 had
779 4477 898 4527 edendam
919 4477 948 4526 ιἰι
969 4476 1091 4526 maliem
1117 4483 1210 4525 vocntoe
1235 4473 1334 4538 uspiam

175 4562 309 4612 continued
324 4562 363 4612 lor
373 4579 389 4611 a
399 4563 459 4610 tirno
475 4561 556 4626 living
567 4561 693 4612 witneues
704 4561 733 4610 ol
779 4561 895 4625 ίιρίιιιιιις
912 4560 961 4608 ιἰιιο
971 4558 1001 4608 td
1015 4575 1065 4608 ποιι
1076 4557 1174 4622 foetura
1190 4571 1237 4607 οιιι
1249 4573 1277 4606 εκ
1289 4556 1333 4605 hoc

174 4647 218 4695 the
229 4645 329 4710 efficacy
341 4645 369 4694 of
377 4645 503 4694 Christian
514 4644 585 4695 seith.
781 4643 834 4704 ipse
851 4640 940 4690 Ιεειιαί
956 4641 1006 4690 loco
1022 4640 1092 4688 λαιιιί
1108 4639 1187 4702 inepte
1200 4637 1331 4702 solliciter.
