3225 5184
458 417 558 472 nnus
581 417 740 471 omarum
765 417 958 471 rannone„
1220 403 1286 470 251

1306 596 1361 635 tta.
1368 595 1417 636 na
1427 599 1445 637 1.

635 637 728 705 opp·
755 636 783 703 1,
1320 641 1438 681 aaut

1299 688 1452 729 HAfflLtl.

134 797 296 873 Osteasio
309 795 406 897 qaod
419 823 531 895 rtoqae
544 811 648 872 entra
656 799 829 898 pleroma
845 797 893 873 sit
904 799 1157 875 aaiuersmmm
1170 799 1284 892 Deus,

208 944 321 1016 aeque
348 930 453 992 oatra
476 915 746 1016 plenitudinem
773 920 849 1018 ejus
876 944 947 994 asso
981 918 1138 1019 aliquid,
1174 946 1288 1020 mque

206 1033 355 1134 quidem
371 1033 463 1107 daos
480 1059 551 1109 esso
568 1032 653 1109 deos
669 1034 842 1110 immerito
860 1035 1049 1113 interuallo
1066 1036 1114 1111 ab
1131 1036 1288 1113 inuicem

206 1151 390 1244 distantes,
413 1177 525 1249 aeque
545 1151 714 1227 uirtutem
733 1151 902 1251 aliquam
922 1152 1056 1228 maadi
1065 1154 1287 1252 fabricatri-

206 1295 284 1343 oem
301 1268 342 1343 ia
358 1267 574 1343 immensam
588 1283 803 1367 separatam
820 1296 847 1345 a
860 1269 988 1364 Patre,
1008 1284 1042 1346 et
1059 1270 1288 1369 lquor-amem

207 1410 299 1460 eam.

28 1580 56 1663 g.
70 1577 114 1662 2¹,ss
210 1561 239 1623 1.
288 1558 379 1623 Brun
394 1556 493 1645 igitur
509 1558 608 1623 habet
623 1580 643 1623 a
658 1557 761 1644 primo
776 1564 811 1625 et
827 1558 968 1625 maximo
981 1558 1121 1644 capitulo
1137 1558 1287 1625 inchoem

55 1654 61 1663 ’
112 1650 200 1737 'noa
218 1680 239 1725 a
255 1657 431 1743 Demiurgo
448 1656 528 1735 Deo,
548 1658 603 1743 qui
619 1658 696 1723 seuit
716 1658 830 1724 ooelum
847 1667 882 1724 et
898 1666 1020 1724 terram
1036 1665 1071 1724 et
1087 1657 1195 1723 omnia
1215 1680 1287 1743 quae

133 1759 166 1823 in
184 1760 228 1823 eis
241 1766 326 1837 sunt,
345 1780 438 1843 quem
452 1757 474 1821 ii
491 1757 747 1843 blasphemantes
760 1758 991 1824 ¹extremitatis
1006 1758 1147 1823 iruotum
1161 1758 1286 1825 dieunt:

133 1866 167 1924 et
189 1857 366 1937 ostendere,
390 1857 476 1943 quod
501 1879 605 1943 neque
630 1879 727 1942 super
748 1880 821 1922 eum
840 1879 944 1944 neque
966 1865 1040 1943 post
1061 1878 1134 1923 eum
1159 1863 1209 1923 est
1231 1857 1287 1922 ali-

133 1957 229 2045 qnid:
247 1978 350 2043 neque
372 1958 413 2023 ab
440 1956 546 2044 aliquo
563 1965 679 2034 motus,
700 1958 756 2021 sed
778 1979 836 2023 sua
858 1957 1020 2023 sententia
1036 1965 1070 2023 et
1089 1956 1189 2022 libere
1210 1957 1287 2022 feeit

133 2058 250 2137 omnia,
262 2079 334 2122 eum
351 2056 393 2122 sit
409 2056 494 2121 solus
513 2056 610 2133 Deus,
629 2064 663 2122 et
680 2058 764 2121 solus
782 2056 948 2136 Dominus,
966 2063 1001 2121 et
1017 2057 1102 2122 solus
1119 2056 1287 2133 Conditor,

133 2166 168 2223 et
188 2158 273 2223 solus
297 2155 406 2235 Pater,
425 2156 475 2221 'et
498 2156 582 2221 solus
605 2156 771 2222 continens
794 2156 911 2233 omnia,
935 2164 970 2222 et
993 2156 1139 2221 omnibus
1161 2163 1200 2222 ut
1222 2156 1288 2223 sint

133 2257 200 2343 ipse
220 2266 384 2344 praestans.
436 2256 731 2333 Quemadmodum
751 2256 836 2321 enim
858 2256 979 2342 poterit
1002 2278 1097 2342 super
1120 2256 1204 2321 hune
1224 2256 1289 2321 alia

133 2357 309 2443 plenitudo,
328 2364 385 2422 aut
402 2356 555 2435 ‘initium
572 2364 629 2421 aut
646 2362 799 2441 potestas,
818 2363 876 2421 aut
896 2356 976 2421 alius
994 2356 1082 2421 Deus
1099 2376 1187 2421 esse:
1215 2378 1288 2421 oum

133 2466 282 2543 oporteat
299 2455 404 2521 Deum
422 2455 534 2520 horum
555 2456 695 2519 omnium
713 2457 855 2539 pleroma
870 2456 904 2519 iu
929 2456 1083 2520 immenso
1104 2454 1212 2520 omnia
1227 2455 1287 2520 oir-

134 2556 380 2629 eumoontinere,
408 2563 442 2619 et
470 2553 744 2619 circumeontineri
768 2576 789 2617 a
818 2554 959 2619 nominet
1003 2554 1038 2619 Si
1061 2562 1171 2619 autem
1194 2563 1289 2620 extra

135 2654 223 2718 illum
236 2664 285 2719 eet
303 2653 431 2739 aliquid,
447 2654 515 2738 jam
532 2675 597 2716 non
618 2652 758 2716 omnium
775 2658 825 2717 est
847 2652 999 2737 pleroma,
1018 2674 1121 2736 neque
1143 2653 1289 2719 eontinet

134 2754 248 2818 omnia.
292 2750 405 2817 Deerit
423 2752 506 2817 enim
522 2750 700 2837 pleromati,
724 2758 781 2817 aut
798 2751 828 2815 ei
846 2750 900 2836 qui
916 2751 959 2815 sit
973 2774 1068 2837 super
1082 2752 1189 2815 omnia
1204 2749 1287 2831 Deo,

135 2852 195 2919 hoe
212 2854 297 2939 quod
320 2859 413 2917 extra
428 2874 500 2917 eum
518 2852 638 2916 dieunt.
691 2850 787 2926 Quod
805 2860 915 2915 nutem
938 2852 1039 2928 deest,
1060 2860 1094 2917 et
1112 2850 1289 2917 delibatum

134 2962 184 3019 est
207 2956 248 3019 ab
275 2953 391 3038 aliquo,
418 2954 496 3017 ⁵hoo
519 2974 583 3015 non
608 2958 658 3017 est
682 2952 823 3017 omnium
841 2952 994 3037 pleroma.
1045 2952 1092 3016 Et
1116 2951 1289 3017 terminum

134 3061 243 3119 autem
266 3061 299 3119 et
325 3053 533 3121 medietatem
556 3058 589 3117 et
612 3052 707 3116 finem
731 3050 866 3118 habebit
884 3052 928 3117 ad
947 3074 1001 3117 eos
1022 3051 1078 3137 qui
1096 3059 1172 3116 sunt
1195 3058 1291 3116 extra

182 3234 192 3265 ¹
220 3230 371 3281 adromitmis
397 3230 518 3293 fanetum,
548 3231 590 3279 the
617 3246 684 3279 same
783 3227 832 3277 'a
845 3228 1003 3277 eolusorauio
1017 3228 1145 3288 continear,
1164 3229 1204 3276 sul
1221 3229 1290 3286 μόνος

134 3317 216 3367 Greek
227 3320 303 3364 terme
314 3330 355 3362 are
365 3312 483 3362 rendered
495 3314 522 3360 in
533 3313 576 3361 the
587 3312 684 3376 prefaoe
736 3310 818 3358 rina
830 3312 929 3371 κρατῶν,
941 3311 1007 3357 unde
1018 3311 1198 3370 παντοκράτωρ.

133 3417 161 3449 aa
179 3396 349 3462 postremitatie
359 3396 479 3457 strictam,
498 3394 548 3443 and
565 3406 595 3443 11.
608 3410 683 3443 xxxv.
785 3388 796 3422 ⁸
818 3390 988 3438 Tmutturt
1005 3406 1094 3453 ugnas
1115 3391 1142 3438 in
1164 3406 1180 3437 a
1198 3389 1292 3437 similar

134 3480 248 3531 atam
256 3478 384 3541 fractam·
402 3477 444 3526 the
455 3482 505 3525 two
516 3477 570 3525 first
584 3476 686 3539 beinga
737 3488 805 3536 way:
834 3472 902 3520 Sr'eat
923 3472 987 3520 raim
1012 3472 1119 3531 Creator,
1146 3487 1175 3519 a
1199 3470 1243 3519 ta
1270 3476 1292 3519 ot

133 3562 214 3612 litteral
231 3560 377 3610 translation
396 3558 425 3607 of
441 3559 484 3607 the
501 3557 568 3607 word
588 3558 685 3619 irrepit·
737 3553 812 3613 Dera,
835 3560 856 3600 et
874 3553 1018 3603 indebitam
1036 3553 1111 3613 Dens,
1131 3551 1191 3614 qnia
1207 3550 1292 3599 amaia

134 3661 210 3704 puros
230 3643 327 3705 καρπός,
361 3640 414 3689 The
431 3640 512 3699 latter,
538 3655 554 3686 a
570 3638 687 3695 latendo;
737 3634 825 3697 ipsius,
838 3635 905 3683 aiiii
918 3634 1121 3684 mmmmilli:
1137 3634 1174 3683 ita
1188 3640 1211 3683 et
1225 3633 1293 3683 alius

133 3726 162 3774 ia
178 3740 248 3774 naua
267 3720 404 3772 obstarioio.
439 3721 472 3769 So
492 3721 518 3771 S.
537 3720 636 3781 Jaaon,
659 3736 687 3769 aa
738 3717 975 3779 ideircoaorDeas,
993 3718 1054 3781 qnia
1068 3717 1153 3765 omaro
1169 3732 1218 3764 aas
1233 3716 1289 3778 rjua

135 3806 228 3872 quoted
238 3808 272 3870 by
284 3806 385 3864 Grani,
396 3819 453 3868 says
464 3803 492 3851 irs
503 3802 631 3852 Natural.
644 3818 669 3852 11
680 3818 686 3853 :
738 3798 836 3863 idooqroe
845 3807 866 3848 a
876 3807 995 3849 atram.
1029 3799 1139 3862 Dmiqar
1149 3796 1293 3847 ammador

136 3892 228 3939 Aram
238 3887 335 3936 ridetur
347 3900 394 3934 esse
412 3884 526 3933 adiurare
542 3884 622 3932 Deam
637 3900 687 3933 ma·
740 3882 861 3932 Crantoris
876 3889 922 3932 est:
932 3882 988 3943 jara
1005 3897 1047 3930 aar
1063 3881 1141 3929 mmm
1158 3880 1226 3929 rideo
1244 3879 1293 3927 Dei

135 3972 192 4021 litia
208 3978 228 4019 rt
242 3965 413 4032 pravaricatio
430 3965 509 4014 dicere
522 3966 585 4027 pat
603 3965 688 4015 Velm·
739 3963 847 4011 mma.
882 3963 993 4011 Pleraei
1007 3968 1121 4023 occupatu
1135 3968 1192 4009 aaut
1208 3957 1293 4007 omnia

133 4053 253 4111 timinam,
263 4049 333 4114 pansi
341 4046 688 4109 ahomirammautissapim·
738 4058 782 4091 rao
803 4049 906 4091 anam
952 4042 980 4091 Si
1001 4048 1071 4090 raca
1092 4040 1191 4102 aliquid
1215 4039 1293 4102 spatii

134 4134 175 4183 tia
195 4142 323 4183 atumem
344 4130 436 4179 editam
456 4128 596 4178 Creator-ern.
635 4127 688 4177 The
739 4124 847 4186 olimsjm
867 4123 994 4171 dimmitati
1014 4122 1043 4169 in
1064 4124 1190 4181 orontium,
1215 4121 1293 4184 pleae

135 4216 245 4265 Oainites
261 4212 340 4263 called
355 4212 398 4260 the
420 4211 556 4273 Demiurge
578 4210 686 4271 ὑστέραν,
733 4206 800 4269 sulse
816 4205 917 4255 amabit.
950 4204 1238 4263 nunu.c.n{are.1.11‚
1258 4203 1291 4254 ei.

134 4314 159 4363 p.
175 4312 231 4359 242,
241 4312 355 4361 compare
366 4295 417 4343 also
429 4294 605 4353 narramus,
618 4292 686 4341 Har.
741 4288 789 4337 nto
798 4286 872 4336 Tira
879 4286 979 4342 traam
993 4286 1051 4334 Art.
1064 4284 1128 4332 tuith
1139 4284 1165 4331 in
1174 4283 1290 4333 enema

134 4390 252 4429 xxxvm.
280 4382 347 4436 note,
366 4375 428 4425 ibid.
467 4374 520 4422 But
547 4372 591 4421 the
618 4372 687 4421 Mar·
789 4368 799 4399 ⁴
816 4368 928 4418 [adium
964 4368 1029 4429 ἁρχὴ
1044 4366 1133 4415 should
1150 4366 1213 4414 have
1231 4366 1293 4413 been

135 4462 231 4510 amians
259 4458 371 4507 affirmed
392 4457 449 4505 that
474 4454 611 4517 Demiurge
636 4468 687 4503 urna
739 4449 858 4499 rendered
864 4448 1027 4512 principiam,
1040 4447 1170 4496 assditors
1180 4446 1291 4495 observa

134 4542 177 4590 the
188 4540 331 4590 emanation
338 4538 366 4587 ot
373 4538 443 4587 three
453 4533 688 4585 sumussivsAEonio
788 4531 868 4579 ‘The
884 4531 992 4579 mann.
1006 4528 1063 4579 MS.
1082 4529 1157 4577 omits
1173 4527 1224 4590 ior,
1242 4526 1294 4577 and

134 4624 270 4685 abortiens,
283 4638 323 4671 see
333 4638 359 4672 n.
376 4634 397 4683 r,
409 4636 435 4684 p.
451 4616 503 4670 ¹63.
739 4614 760 4665 it
776 4614 797 4663 is
813 4612 921 4677 soaroely
936 4609 1043 4662 mim.
