3225 5184
492 404 705 458 vaunnam
731 403 921 458 melanas.
1216 387 1282 452 321

24 589 27 598 ·
124 580 146 623 a
168 557 248 622 salsa
267 557 429 643 opinione:
452 558 562 624 eodem
577 559 669 624 modo
688 567 722 624 et
740 579 799 623 nos
819 578 884 623 non
903 557 1060 623 modioam
1073 563 1206 644 partem,
1227 555 1284 620 sed
1327 577 1421 662 pqqqq.

125 684 166 727 ea
195 683 265 746 quae
293 671 369 727 sunt
393 664 551 729 lunanima
571 663 765 730 continentia
788 663 906 751 regula
928 663 1067 749 ipsorum
1095 662 1284 728 resolventes
1299 653 1451 756 flfflgaqu·

125 764 272 851 capitula,
295 765 440 831 omnibus
463 774 615 852 quotquot
637 767 825 832 non-seduci
845 766 982 832 seientes
998 764 1115 842 volunt,
1138 765 1221 851 quod
1235 772 1285 830 est
1340 765 1384 803 ¹¹¹·
1393 765 1411 803 ⁸·

125 889 269 953 nequam,
297 876 330 933 et
352 868 502 943 dolosum,
526 877 559 933 et
581 868 800 947 seductorium,
829 877 862 933 et
881 869 1098 955 pernitiosum,
1119 868 1160 934 de
1176 868 1285 934 sebola

22 1011 26 1050 ,
124 992 233 1034 eorum
248 971 300 1056 qui
317 980 426 1036 sunta
442 971 622 1050 Valentino,
645 981 678 1037 et
700 994 720 1036 a
741 971 868 1059 reliquis
881 973 1108 1052 haeretieorum,
1131 982 1285 1059 quotquot

127 1072 346 1159 Demiurgum,
365 1073 471 1150 idest,
494 1073 713 1138 sabrieatorem
727 1083 760 1139 et
774 1075 926 1140 faetorem
947 1075 1042 1159 hujus
1062 1075 1282 1154 universitatis,

125 1174 227 1238 solum
247 1174 449 1240 exsistentem
464 1175 567 1240 Deum
583 1175 664 1241 male
687 1183 837 1254 tractant,
856 1175 1059 1255 ostendimus,
1073 1176 1283 1242 dissolubilem

125 1299 234 1342 eorum
249 1275 331 1341 viam
345 1277 591 1343 manifestantes

21 1463 24 1476 Ι
192 1383 222 1444 4.
260 1380 338 1462 Quis
352 1380 436 1446 enim
449 1403 577 1446 sensum
590 1381 718 1461 babens,
740 1389 773 1447 et
791 1381 931 1447 veritatis
947 1382 996 1446 vel
1018 1381 1174 1447 modicum
1187 1381 1284 1446 attin·

21 1545 24 1582 ,
126 1503 214 1569 gens,
230 1481 396 1548 sustinebit
415 1483 565 1561 dieentes,
589 1505 682 1569 super
704 1483 912 1571 Demiurgum
934 1484 1038 1550 Deum
1060 1506 1130 1550 esse
1150 1485 1284 1549 alterum

128 1587 276 1650 Patrem:
304 1594 338 1650 et
358 1585 491 1652 alterum
516 1586 641 1672 quidem
670 1607 739 1652 esse
765 1587 988 1674 Monogenem,
1016 1587 1150 1653 alterum
1177 1597 1283 1652 autam

129 1689 271 1754 Verbum
294 1689 364 1766 Dei,
388 1711 479 1774 quem
497 1699 530 1755 et
551 1690 584 1754 in
605 1689 852 1755 deminoratione
873 1690 1022 1756 emissum
1048 1691 1175 1756 dieunt:
1206 1690 1284 1756 ulte·

21 1855 24 1882 ι
128 1813 198 1857 rum
215 1801 321 1856 autem
337 1791 506 1868 Christum,
527 1813 620 1876 quem
634 1801 667 1858 et
681 1791 884 1879 posteriorem
897 1792 1023 1876 reliquis
1037 1793 1198 1858 AEonibus
1211 1814 1285 1858 eum

21 1883 23 1892 ’
128 1894 247 1980 Spiritu
266 1904 376 1960 saneto
390 1895 508 1960 laetum
522 1917 592 1960 esse
606 1894 732 1960 dieunt:
756 1904 789 1961 et
811 1895 944 1960 alterum
966 1897 1169 1976 Salvatorem,
1191 1919 1284 1982 quem

128 2020 168 2064 ne
189 2021 210 2063 a
225 2000 321 2064 Patre
342 1998 466 2084 quidem
488 1998 710 2078 universorum,
733 2000 788 2064 sed
802 2001 844 2065 ab
858 1997 908 2069 bis
922 1999 975 2085 qui
989 1999 1022 2064 in
1041 1999 1284 2066 deminoratione

127 2101 202 2167 laeti
224 2111 298 2166 sunt
312 2102 474 2166 AEonibus
487 2102 635 2168 collatum
656 2111 690 2167 et
711 2112 896 2189 congestum
916 2101 1034 2181 meunt,
1056 2110 1091 2168 et
1111 2104 1284 2170 neeessarie

20 2275 21 2288 ,
129 2215 256 2293 propter
268 2208 544 2274 deminorationem
566 2209 735 2274 emissum?
756 2218 792 2274 ut
813 2208 873 2274 uisi
895 2208 928 2271 in
945 2208 1121 2294 ignorantia
1134 2217 1167 2274 et
1188 2209 1284 2274 demi·

128 2311 256 2376 natione
286 2311 417 2377 luissent
446 2312 580 2390 AEones,
603 2312 774 2376 seeundum
805 2332 861 2376 eos
886 2333 945 2376 nee
978 2311 1122 2376 Obristus
1151 2312 1285 2377 emissus

127 2416 248 2492 luisset,
263 2437 320 2480 nee
344 2414 479 2499 Spiritus
499 2423 639 2488 sanetus,
661 2437 718 2480 neo
735 2415 852 2492 Honos,
877 2435 935 2479 neo
957 2414 1059 2491 Soter,
1080 2436 1139 2479 nee
1155 2415 1284 2502 Angeli,

128 2536 186 2579 neo
204 2514 310 2578 Mater
323 2513 470 2597 ipsomm,
493 2535 550 2578 neo
564 2535 672 2578 semen
685 2515 764 2600 ejus,
779 2535 838 2579 neo
851 2513 970 2598 reliqua
983 2514 1089 2578 mundi
1103 2513 1282 2590 fabricatio,

127 2617 184 2682 sed
206 2615 337 2680 luissent
360 2615 465 2680 omnia
486 2615 610 2679 deserta
634 2637 672 2680 aa
698 2615 851 2680 destituta
870 2623 920 2679 tot
942 2616 1041 2680 bonis.
1086 2615 1159 2681 Non
1183 2616 1286 2682 solum

129 2719 235 2802 itaque
254 2718 286 2781 in
300 2717 518 2782 fabricatorem
532 2725 656 2782 tantum
671 2717 834 2804 irreligiosi
853 2727 938 2796 sunt,
952 2717 1032 2783 labis
1052 2740 1124 2783 eum
1146 2719 1286 2785 dieentes

129 2821 284 2894 l'ruotum;
307 2819 363 2883 sed
388 2827 421 2884 et
444 2819 477 2881 in
500 2818 668 2896 Christum,
694 2827 728 2884 et
751 2819 784 2882 iu
810 2818 961 2902 Spiritum
980 2828 1135 2897 sanetum,
1159 2830 1286 2906 pmpter

129 2923 231 2988 labem
245 2921 384 2986 dieentes
404 2941 460 2986 eos
477 2921 627 2996 emissos;
651 2929 683 2986 et
706 2921 899 2986 Salvatorem
920 2931 1027 2988 autem
1048 2922 1191 2989 similiter
1212 2933 1285 3009 post

128 3025 241 3090 labem.
285 3023 363 3105 Quis
384 3023 467 3087 enim
488 3023 653 3088 sustinebit
673 3023 826 3110 reliquum
844 3046 952 3089 eorum
969 3025 1188 3110 vaniloquium,
1201 3031 1285 3115 quod

127 3135 232 3192 astute
245 3125 399 3210 parabolis
412 3125 561 3210 adaptare
574 3133 733 3203 conantes,
753 3134 786 3190 et
804 3147 850 3206 se,
869 3135 903 3192 et
918 3127 1041 3212 eosqui
1060 3128 1121 3194 sibi
1143 3131 1283 3210 eredunt,

129 3233 161 3296 iu
175 3231 345 3296 niaximum
361 3239 578 3296 converterunt
592 3230 806 3315 impietatemt

564 3462 665 3528 CAP.
690 3462 855 3528 XXXll.

159 3617 344 3708 Quoniam
371 3617 624 3694 exsolutionem
650 3617 929 3692 Parabolarum
954 3616 1205 3718 impropriam
1229 3633 1262 3695 et

341 3735 648 3810 inconvenientem
651 3734 819 3832 stetimus
835 3735 1076 3835 musacium.

198 3911 227 3972 1.
272 3909 438 3990 Quoniam
465 3915 498 3973 et
527 3907 700 3992 parabolas,
726 3914 759 3973 et
789 3915 879 3972 aetus
906 3905 1033 3970 Domini
1062 3906 1228 3991 improprie
1253 3916 1286 3973 et

132 4011 389 4096 inconsequenter
403 4010 539 4076 inlemnt
552 4012 703 4098 figmento
717 4031 784 4088 suo,
801 4010 846 4073 ita
860 4008 1068 4074 ostendimus:
1086 4009 1177 4073 Illam
1192 4010 1285 4089 enim,

132 4135 225 4199 quam
239 4135 315 4200 erga
328 4113 545 4179 duodecimum
568 4113 709 4178 AEouem
731 4111 839 4177 dieunt
856 4109 1007 4176 aooidisse
1027 4110 1212 4194 passionem,
1235 4133 1287 4178 eo·

131 4226 245 4282 uantur
258 4216 432 4296 ostendere,
442 4215 525 4303 quod
538 4214 707 4281 Salvatoris
716 4214 820 4299 passio
834 4235 855 4279 a
869 4214 1052 4279 duodecimo
1061 4213 1286 4298 Apostolorum

175 4379 322 4444 wemma]
347 4379 415 4428 Mitt
438 4379 541 4428 dublum
567 4394 618 4428 noa
644 4385 683 4440 rat,
735 4378 814 4428 rimus
828 4377 953 4441 Inter-pra
969 4375 1087 4436 reddidit,
1104 4377 1212 4426 maxime
1229 4393 1285 4426 eon·

133 4463 194 4527 quia
212 4477 261 4524 pro
286 4462 403 4522 maxima,
427 4461 618 4510 rubrtituendum
644 4459 684 4521 rit,
735 4460 859 4509 tinentia:
891 4473 940 4521 epo,
968 4458 1093 4522 praecipua
1122 4474 1153 4506 ao
1184 4459 1286 4506 maximi

133 4544 248 4594 maximo.
297 4542 365 4591 Nam
386 4541 450 4605 quod
477 4542 505 4591 in
528 4542 609 4592 muco
635 4548 686 4590 erat
735 4541 859 4604 ponderis.
898 4540 941 4589 sic
956 4540 1022 4589 enim
1037 4538 1130 4590 clarior
1144 4546 1176 4589 est
1192 4555 1284 4590 nunu.

134 4625 336 4684 συνεκτικώτατα,
366 4623 396 4673 ia
428 4623 554 4674 amborum
587 4621 685 4672 moab
736 4621 812 4671 mm.
