3225 5184
512 406 710 460 rnornlnu
737 405 935 460 fluentius.
1233 389 1298 454 381
1380 474 1382 477 Ι

1341 575 1395 616 mn
1404 577 1433 617 11.

1314 668 1360 708 aa
1370 624 1402 707 ii.¹
1413 669 1465 708 nro.

636 703 738 770 ΟΑΡ,
763 702 838 770 ΙΝ,
1332 715 1447 756 irasmi.

1337 761 1409 801 mir.
1420 763 1438 801 1.

211 855 398 949 Quomodo
427 869 664 958 perseverant
693 855 838 951 animm,
875 856 1041 958 corporis
1072 855 1241 933 amentes

628 977 809 1074 fipurom.

37 1185 123 1231 anm
150 1162 363 1227 Pnnnrssrnn
392 1169 497 1226 autem
529 1159 684 1226 Dominus
714 1161 832 1239 docuit,
872 1179 936 1224 non
965 1158 1066 1224 solum
1095 1179 1301 1244 perseverare,

148 1287 211 1331 non
225 1267 265 1330 de
279 1287 406 1352 corpore
422 1265 454 1330 in
469 1285 581 1351 corpus
595 1264 860 1352 transgredientes
873 1262 1005 1338 animas,
1022 1262 1078 1328 sed
1097 1272 1130 1328 et
1143 1263 1302 1328 characte-

148 1367 439 1454 remcorporis,in
464 1367 644 1456 quostiam
673 1367 871 1451 adaptantur,
902 1366 1058 1431 custodire
1086 1366 1237 1431 eundem:
1269 1374 1303 1432 et

148 1472 326 1538 meminisse
341 1492 395 1537 eas
410 1491 537 1556 operum
553 1491 622 1556 quae
637 1476 768 1556 egerunt
787 1469 849 1546 hic,
864 1476 902 1534 et
918 1490 939 1534 u
960 1469 1071 1556 quibus
1092 1476 1300 1546 cessaverunt,

147 1575 181 1641 in
203 1597 241 1640 ea
261 1575 410 1641 relatione
437 1597 507 1660 quae
535 1573 680 1639 scribitur
698 1574 757 1638 1(le
780 1572 887 1639 Divite
907 1582 941 1639 et
963 1574 1001 1638 de
1024 1573 1142 1638 Lazaro
1169 1593 1217 1651 eo,
1247 1573 1300 1660 qui
1312 1589 1451 1688 &uim

148 1679 367 1766 2refrigerabat
392 1678 425 1742 iu
450 1678 522 1742 sinu
550 1676 702 1742 Abrahae:
730 1676 763 1741 in
788 1697 851 1763 qua
876 1677 931 1755 ait,
955 1676 1093 1742 Divitem
1115 1697 1302 1764 cognoscere
1361 1664 1367 1677 ’

150 1783 301 1848 Lazarum
317 1790 388 1869 post
402 1788 544 1859 mortem,
560 1787 593 1844 et
608 1780 771 1845 Abraham
785 1789 892 1845 autern
906 1779 1057 1858 similiter,
1073 1787 1106 1844 et
1124 1800 1250 1845 manere
1268 1779 1302 1844 in

148 1908 206 1952 sno
222 1886 329 1951 ordine
344 1905 594 1971 unumquemque
608 1883 755 1969 ipsorum,
771 1891 804 1948 et
823 1884 981 1970 postulare
997 1883 1081 1948 mitti
1100 1883 1130 1948 ei
1148 1883 1189 1948 ad
1211 1905 1302 1969 opem

132 1990 307 2055 'ferendam
324 1989 486 2064 Lazarum,
502 1986 744 2072 uniusquidem
760 1987 799 2052 de
813 2009 929 2053 mensae
944 2009 1009 2052 suae
1025 1987 1113 2053 micis
1134 1987 1304 2053 communi-

149 2093 259 2158 cabat:
276 2092 361 2158 etde
377 2091 515 2156 Abrahae
534 2112 691 2177 responso,
708 2091 759 2179 qui
775 2113 839 2156 non
858 2100 982 2156 tantum
996 2113 1118 2178 eaquae
1133 2092 1304 2158 secundum

149 2217 193 2274 se,
208 2196 264 2261 sed
279 2204 310 2260 et
325 2218 395 2283 quse
410 2195 581 2261 secundnm
596 2194 735 2260 Divitem
752 2203 868 2274 essent,
885 2196 1025 2270 sciebat;
1050 2205 1083 2259 et
1103 2195 1304 2281 praecipiebat

152 2298 256 2386 Moysi
278 2299 429 2364 assentire
449 2307 483 2363 et
507 2297 674 2383 Prophetis
696 2318 759 2376 eos,
784 2298 837 2385 qui
859 2320 923 2362 non
945 2297 1072 2362 mallent
1092 2299 1250 2383 pervenire
1270 2300 1304 2363 in

150 2402 236 2467 illum
250 2403 352 2467 locum
364 2406 534 2488 poenae,³et
545 2401 727 2486 recipientes
742 2401 932 2486 praeconium
947 2402 1015 2486 ejus
1024 2400 1076 2487 qui
1085 2403 1305 2466 ⁴resurrexerit

150 2527 171 2570 n
196 2505 337 2571 mortuis.
383 2504 447 2568 Per
474 2503 543 2567 haee
571 2502 654 2567 enim
683 2503 936 2569 manifestissime
964 2503 1154 2568 declaratum
1183 2512 1241 2585 est,
1271 2514 1305 2571 et

151 2629 347 2696 perseverare
374 2606 505 2682 animes,
534 2613 568 2670 et
595 2626 660 2670 non
688 2605 727 2669 de
753 2627 881 2692 corpore
908 2606 941 2669 in
967 2627 1079 2691 corpus
1103 2607 1245 2687 transire,
1272 2618 1305 2675 et

151 2713 267 2778 habers
287 2709 423 2775 hominis
448 2709 592 2794 figuram,
615 2715 651 2772 ut
674 2707 769 2772 etiam
792 2718 1030 2795 cognosoantur,
1054 2718 1087 2775 et
1109 2710 1306 2778 meminerint

152 2837 258 2881 eorum
280 2836 349 2901 quae
373 2813 437 2876 sint
454 2811 527 2886 hio;
551 2819 585 2876 et
598 2810 830 2898 ⁶pr0pheticum
849 2833 970 2898 quoque
984 2813 1093 2877 adesse
1107 2812 1256 2894 Abrahae,
1272 2826 1306 2882 et

152 2921 279 3005 dignam
293 2916 518 2984 habitationem
531 2935 781 3002 unamquamque
795 2923 923 3002 gentem
937 2913 1104 3002 percipere,
1120 2916 1214 2982 etiam
1231 2927 1306 2985 aute

147 3023 306 3110 judicium.

151 3215 260 3266 reddidit
266 3215 421 3266 Halloioeiuo:
434 3214 485 3265 “Ut
491 3213 615 3264 ominum
622 3211 703 3262 mutti-
750 3212 829 3273 taur,
842 3211 902 3275 quia
912 3219 933 3262 ot
941 3211 1004 3261 aliti
1013 3210 1159 3275 resriprrore
1168 3212 1198 3260 dr
1204 3213 1306 3276 marica

151 3297 210 3346 tudo
221 3297 311 3346 diriore
325 3295 508 3359 correspondens
515 3294 704 3357 pradefinitioni
750 3294 923 3357 εἰρπίήεαὶὼηι
929 3295 1189 3357 mmmmm.
1200 3296 1305 3346 Gerar.

146 3376 201 3440 jum
223 3385 392 3438 cmuummata,
413 3374 497 3425 Patria
515 3383 629 3425 cancroso
647 3375 702 3424 luor-
800 3372 1014 3439 ‘sumptam
1044 3375 1183 3425 Hennam
1194 3376 1305 3427 mnam·

152 3459 289 3515 montom,·”
306 3474 379 3522 prom
392 3457 461 3508 Vetus
476 3457 593 3520 hocopus
608 3457 704 3520 duplici
752 3471 796 3520 pue
805 3457 903 3505 urtam
914 3455 989 3505 doaso
999 3455 1102 3506 ridaur.
1121 3455 1223 3507 Gerar.
1258 3459 1308 3507 Ao·

152 3557 204 3591 voco
231 3541 388 3604 compwinia,
421 3549 441 3591 rt
468 3540 600 3604 optationis
627 3540 702 3589 rond.
752 3537 882 3603 cordingly
890 3538 1021 3588 Massusr
1032 3539 1308 3604 andSnmrrnsupply

153 3623 256 3674 Gerar.
289 3624 342 3672 But
358 3640 416 3688 may
427 3629 472 3672 not
484 3623 527 3672 the
538 3623 628 3672 author
640 3622 704 3671 have
752 3635 808 3670 aar.
843 3621 884 3685 By
898 3620 1065 3685 substituting
1079 3621 1106 3670 in
1123 3623 1166 3671 the
1180 3623 1264 3672 Greek
1280 3625 1308 3672 tt

152 3706 260 3766 written,
284 3708 328 3766 τῆς
351 3706 577 3768 opocarpatum...
587 3705 702 3753 ἀποτελε·
752 3703 792 3751 for
802 3721 838 3763 re,
853 3703 896 3751 the
908 3720 980 3753 senso
996 3703 1079 3753 would
1090 3705 1147 3752 tlow
1158 3721 1186 3753 aa
1197 3706 1306 3755 follows:

152 3789 249 3846 σθεὶσης
259 3788 268 3835 l
752 3786 792 3832 rol
804 3784 953 3834 ἐνετείλατο.
961 3822 967 3834 .
974 3821 980 3834 .
988 3787 1051 3834 ,τοῖς
1060 3787 1095 3845 μὴ
1104 3788 1214 3836 θέλουσιν
1222 3806 1308 3837 καταν-

200 3867 267 3918 ²De
294 3866 376 3917 Divite
402 3874 423 3917 ct
445 3866 547 3917 Lazaro.
586 3865 705 3916 Similiter
752 3865 826 3924 τῆσαι
844 3867 876 3914 etr
894 3866 962 3915 τόνδε
975 3867 1017 3914 τὸν
1035 3867 1078 3926 ripe
1095 3867 1207 3931 τιμωρίας
1223 3869 1306 3930 τόπον,

154 3949 310 4001 mmet.
325 3948 386 3998 Did.
402 3948 444 4000 Or.
453 3963 481 4011 p.
498 3959 551 4012 792.
581 3947 704 4008 'Anrrpur
752 3948 886 4008 δεχομένας
894 3948 1217 4008 δὲτὸκήρυγματοῦὼαστ.
1230 3953 1305 4001 mul.

152 4035 178 4082 δὲ
194 4034 242 4082 ἀπὸ
253 4034 297 4080 τοῦ
307 4032 418 4096 Λάζαρον
429 4032 469 4079 rol
484 4032 527 4078 τοῦ
538 4031 654 4078 πλουσίου
665 4031 704 4078 διὰ
801 4027 928 4076 ⁴Gmtt.
952 4028 1003 4077 aud
1020 4028 1112 4090 Voss„
1142 4031 1189 4080 but
1212 4031 1308 4082 GBABB

151 4116 199 4163 τῶν
216 4114 358 4173 σωματικῶν
372 4112 452 4171 μελῶν
466 4112 537 4169 σῶμα
549 4111 607 4157 εἶναι
619 4111 704 4157 δείκνυ·
752 4108 814 4157 with
830 4109 882 4159 An.
900 4117 1036 4172 renumeret.

151 4216 192 4246 ται
214 4198 231 4257 ἡ
254 4197 329 4260 ψυχή.
359 4193 448 4244 Eodem
470 4199 609 4256 armento
626 4191 705 4240 παίων
801 4187 1008 4253 ‘propheticum
1038 4191 1123 4241 aanor
1141 4209 1177 4241 oo
1196 4192 1306 4256 epiritar,

151 4275 511 4343 macomadiensem.
524 4289 544 4324 c.
556 4285 577 4336 7.
606 4272 656 4322 Gn.
752 4271 788 4320 rot
806 4270 905 4332 donum
926 4273 963 4321 ool
978 4271 1057 4322 monile
1073 4275 1170 4323 mlum
1188 4275 1229 4325 ne
1248 4275 1307 4325 mci

200 4357 403 4422 'mentm
422 4354 702 4413 ItoaAnnrn.,Voss.
751 4354 824 4404 dest.
843 4355 947 4406 Graan.
977 4356 1030 4406 But
1049 4359 1090 4406 rat
1108 4359 1137 4408 rt
1157 4359 1308 4421 τροφηηκόν

151 4447 172 4490 at
189 4439 278 4490 Mauo.
298 4451 317 4489 1.
337 4437 424 4488 nardi
440 4436 493 4500 soci
507 4451 556 4500 pro
574 4433 704 4499 refriocro·
752 4455 781 4486 rr
791 4438 874 4487 would
885 4439 982 4503 require
992 4455 1026 4488 no
1037 4440 1158 4492 addition.
