3225 5184
576 492 908 545 ramnnsrrnsvrr.
1230 478 1296 545 255

144 674 208 716 uon
233 652 314 718 sciat
340 674 412 737 quoe
438 652 480 715 ab
504 652 625 737 angelis
642 652 751 717 futura
776 661 861 719 sunt.
909 650 944 717 Si
967 658 1077 718 autem
1093 672 1159 717 nou
1176 658 1459 753 Praelflrlfflffl

145 752 342 816 voluntatem
359 751 427 836 ejus
452 751 508 815 sed
523 751 649 817 volente
673 758 708 817 et
729 752 859 832 sciente,
878 753 1145 838 quemadmodum
1167 752 1297 837 quidam
1308 744 1458 847 mgni&

146 851 327 937 opinantur,
349 851 417 936 jam
443 872 507 914 nou
533 852 637 937 angeli
661 852 711 915 vel
736 852 846 916 muudi
871 852 1046 917 fabricator
1070 874 1174 917 cansae
1200 859 1296 918 erunt
1310 881 1459 890 --

147 950 363 1015 fabricationis
380 949 479 1027 istius,
498 951 555 1015 sed
570 951 715 1016 voluntas
729 951 800 1020 Dei.
841 950 875 1015 Si
893 952 977 1015 eninr
993 952 1104 1016 muudi
1120 951 1296 1016 fabricator

149 1058 208 1128 est,
233 1050 361 1136 angelos
385 1049 451 1135 ipse
476 1050 562 1128 fecit,
580 1058 638 1115 aut
659 1050 756 1115 etiam
780 1073 875 1115 eausa
900 1051 1069 1116 creationis
1096 1073 1206 1115 eornm
1228 1051 1296 1136 ipse

150 1149 220 1225 fuit,
244 1159 277 1213 et
299 1151 450 1215 muudum
468 1150 535 1235 ipse
552 1149 711 1215 videbitur
727 1149 847 1225 fecisse,
865 1150 919 1236 qui
944 1173 1055 1216 causas
1079 1150 1297 1216 fabricationis

149 1249 217 1333 ejus
250 1249 453 1336 praeparavit.
505 1249 597 1314 Licet
639 1272 697 1335 per
729 1250 858 1336 longam
888 1250 1116 1315 successionem
1148 1251 1297 1316 deomum

149 1348 278 1434 angelos
300 1350 409 1414 dicant
428 1350 541 1427 factos,
567 1349 616 1414 vel
642 1350 751 1415 mundi
777 1350 1002 1415 fabricatorem
1023 1373 1043 1414 a
1063 1350 1167 1435 primo
1187 1351 1295 1427 Patre,

150 1448 415 1533 quemadmodum
448 1448 603 1513 Basilides
631 1449 687 1527 ait,
719 1450 922 1514 nihilominus
949 1450 982 1513 id
1012 1451 1097 1535 quod
1123 1457 1173 1515 est
1202 1471 1298 1515 causa

150 1568 259 1612 eorum
276 1570 348 1633 quae
365 1548 452 1613 facta
468 1556 551 1627 sunt,
562 1548 594 1611 iu
607 1548 693 1613 illum
707 1550 760 1635 qui
774 1550 918 1635 prolator
925 1549 987 1613 fuit
1000 1549 1072 1614 talis
1084 1549 1298 1629 successionis,

150 1655 314 1711 recurret:
353 1649 619 1733 quemadmodum
654 1646 687 1712 iu
720 1670 829 1735 regem
855 1649 1025 1713 ¹correctio
1050 1648 1124 1713 belli
1150 1650 1296 1728 refertur,

152 1746 206 1832 qui
232 1748 423 1832 praeparavit
440 1769 479 1811 ea
496 1770 566 1833 quae
591 1756 666 1812 sunt
689 1771 784 1813 eausa
805 1748 961 1824 victoriae3
985 1758 1019 1813 et
1042 1748 1183 1813 conditio
1205 1748 1300 1832 hujus

151 1845 300 1923 civitatis,
326 1855 383 1911 aut
408 1848 501 1932 hujus
526 1848 639 1933 operis,
666 1847 699 1911 in
725 1870 797 1912 eum
826 1848 880 1933 qni
904 1847 1098 1934 praeparavit
1121 1869 1231 1912 causas
1256 1849 1299 1912 ad

151 1947 376 2032 perfectionem
404 1970 513 2012 eorum
543 1971 614 2033 quoe
648 1948 795 2013 deorsum
829 1948 917 2013 facta
949 1953 1034 2012 sunt.
1092 1946 1300 2033 Quapropter

151 2067 215 2110 uon
229 2048 298 2132 jam
313 2048 448 2111 securim
466 2048 598 2113 dicimus
615 2048 780 2113 concidere
794 2048 891 2133 ligna,
909 2048 959 2112 vel
974 2069 1096 2112 serram
1108 2068 1226 2122 secare,
1241 2048 1298 2112 sed

150 2146 310 2211 homiuem
336 2147 501 2213 concidere
527 2154 561 2213 et
590 2170 698 2213 secare
722 2146 897 2212 rectissime
923 2147 994 2232 quis
1020 2147 1107 2211 dicat
1131 2170 1212 2222 eum,
1245 2146 1298 2233 qui

150 2244 252 2331 ipsam
268 2248 403 2313 securim
420 2254 454 2314 et
470 2270 591 2313 serram
606 2248 648 2312 ad
664 2247 724 2313 hoc
734 2247 820 2326 fecit,
835 2255 868 2311 et
881 2247 982 2311 multo
999 2247 1087 2333 prius
1099 2256 1299 2313 armamenta

44 2375 69 2412 c.
82 2374 124 2418 ιη.
150 2346 266 2425 omnia,
295 2369 353 2432 per
376 2370 446 2434 quae
472 2348 630 2413 fabricata
654 2355 730 2413 sunt
757 2346 875 2411 securis
897 2355 932 2412 ct
958 2369 1056 2411 serra.
1119 2346 1173 2411 Sic
1200 2347 1300 2435 igitur

146 2445 233 2530 juste
249 2448 423 2512 secundum
439 2448 564 2512 illorum
588 2448 754 2521 rationem,
773 2447 875 2512 Pater
896 2446 1036 2511 omnium
1057 2446 1182 2512 dicetur
1202 2446 1299 2513 fabri-

150 2552 241 2610 cator
270 2546 363 2631 hujus
395 2547 514 2625 mundi,
543 2554 577 2611 et
611 2567 675 2611 non
709 2546 824 2631 angeli,
851 2565 953 2631 neque
980 2545 1061 2609 alius
1090 2546 1160 2630 quis
1188 2547 1298 2611 mundi

149 2644 331 2723 fabricator,
346 2654 464 2731 praeter
476 2645 563 2709 illum
576 2644 630 2730 qui
643 2645 704 2710 fuit
715 2642 868 2730 prolator,
880 2651 915 2707 et
928 2644 1033 2729 ²prius
1045 2666 1141 2709 causa
1152 2645 1299 2711 factionis

149 2744 329 2828 hujusmodi
346 2744 589 2830 praeparationis
605 2742 768 2809 exsistens.

225 2846 257 2909 3.
311 2842 362 2909 Sit
378 2844 512 2909 fortasse
534 2842 586 2907 hic
611 2864 716 2908 sermo
738 2843 897 2909 suasorius
917 2850 974 2909 aut
994 2844 1193 2910 seductorius
1212 2846 1298 2930 apud

149 2966 212 3022 eos,
237 2943 291 3029 qui
314 2941 465 3030 ignorant
495 2941 601 3006 Deum
628 2951 663 3008 et
684 2940 789 3031 ³[qui]
817 2944 997 3009 hominibus
1027 2944 1203 3011 assimilant
1226 2966 1299 3009 enm

148 3043 304 3130 inopibus,
322 3043 421 3109 ethis
439 3044 492 3129 qui
508 3064 573 3107 non
595 3050 729 3128 possunt
745 3044 856 3109 statim
873 3044 990 3130 aliquid
1008 3066 1049 3109 ex
1071 3052 1186 3130 parato
1202 3045 1299 3110 fabri-

47 3164 74 3201 Μ.
88 3165 129 3205 ns.
149 3164 232 3219 care,
251 3145 306 3209 sed
324 3143 540 3230 indigentibus
558 3142 667 3208 multis
689 3144 817 3229 organis
841 3144 883 3208 ad
907 3166 1016 3208 eornm
1037 3144 1297 3213 fabricationemr

149 3264 212 3307 nnn
236 3252 346 3309 autem
364 3242 540 3308 verisimilis
566 3242 599 3306 iu
623 3249 730 3307 totum
751 3244 838 3328 apud
859 3266 923 3317 eos,
948 3243 1002 3329 qui
1021 3244 1126 3309 sciunt
1149 3244 1299 3329 quoniam

148 3343 262 3409 nullius
286 3343 430 3430 indigens
456 3342 596 3407 omnium
621 3340 709 3406 Deus
732 3343 830 3408 verbo
855 3343 998 3409 condidit
1023 3343 1129 3407 omnia
1148 3352 1183 3409 et
1204 3343 1296 3421 fecit;

147 3468 250 3531 neque
275 3443 394 3530 angelis
421 3442 567 3529 indigens
596 3441 795 3528 adjutoribus
829 3444 869 3507 ad
900 3466 947 3525 ea,
974 3465 1045 3528 quae
1075 3442 1167 3519 finnt,
1195 3465 1300 3529 neque

147 3544 267 3610 virtute
284 3544 389 3629 aliqua
406 3544 497 3609 valde
514 3542 654 3607 inferiori
671 3542 713 3606 ab
727 3541 790 3617 illo,
803 3550 838 3607 et
854 3542 1023 3628 ignorante
1035 3550 1179 3627 patrem;
1198 3564 1300 3629 neque

147 3644 253 3730 aliqua
271 3643 350 3719 labe,
365 3664 467 3730 neque
483 3642 673 3730 ignorantia,
689 3642 766 3707 ntis
781 3642 836 3728 qui
846 3641 1000 3728 inciperet
1013 3664 1087 3707 eum
1099 3664 1298 3727 cognoscere,

148 3736 261 3809 'horno
287 3743 397 3809 tieret:
422 3744 478 3808 sed
507 3742 574 3829 ipse
603 3742 636 3806 iu
666 3738 846 3826 semetipso,
873 3742 1046 3807 secuudum
1073 3742 1107 3807 id
1136 3744 1222 3829 qnod
1249 3751 1300 3810 est

148 3842 358 3909 inenarrabile
385 3849 418 3908 et
445 3842 689 3931 inexcogitabile
711 3840 803 3906 uobis
829 3842 936 3907 omnia
957 3843 1201 3928 praedestinans,
1222 3843 1300 3910 fecit

148 3943 414 4027 quemadmodum
426 3942 542 4019 voluit3
561 3942 706 4007 omnibus
724 3942 975 4017 consonantiam,
989 3950 1024 4008 ct
1037 3943 1181 4007 ordinem
1196 3965 1299 4019 suum,

196 4122 205 4153 ¹
222 4120 344 4183 Irrterprca
360 4136 409 4169 nen
419 4119 479 4169 amia
489 4127 544 4183 apte
558 4120 700 4181 κατόρθωμα
796 4116 808 4149 ¹
821 4118 921 4166 Caram
930 4117 980 4165 and
987 4118 1045 4177 An,
1053 4118 1100 4166 bnt
1107 4118 1186 4168 Voss.
1191 4118 1299 4181 primur.

146 4204 182 4253 ccl
200 4204 347 4265 κατόρθωσιν
364 4204 471 4261 πολέμου
488 4200 556 4250 uertit
573 4200 630 4250 belli
647 4217 699 4249 cor·
797 4200 868 4263 ³qni
882 4201 959 4250 isnnt
969 4202 995 4249 irs
1009 4202 1051 4250 the
1063 4201 1107 4251 Cu
1119 4217 1148 4249 or
1158 4202 1209 4250 Aa.
1222 4202 1300 4253 MSS.

147 4285 288 4345 rectionem,
299 4298 353 4333 mam
360 4282 444 4346 potius
451 4282 560 4332 bellicam
569 4296 701 4331 mearum
749 4282 776 4331 It
787 4282 870 4331 would
880 4282 944 4331 hara
954 4299 988 4331 no
998 4282 1067 4346 place
1078 4283 1105 4331 in
1115 4284 1158 4332 the
1169 4284 1260 4334 Greek

145 4365 275 4427 signidem
292 4366 397 4423 πόλεμον
411 4362 475 4413 errfm
492 4364 643 4425 κατώρθωσε,
658 4362 701 4425 ossi
797 4363 809 4395 ⁴
826 4364 920 4413 Gaaau
941 4364 1027 4413 misses
1048 4365 1091 4413 the
1111 4366 1236 4430 meaning,
1267 4368 1302 4431 by

146 4448 234 4496 bellam
245 4462 273 4495 ec
282 4445 363 4495 animi
372 4444 488 4494 maasia
499 4444 613 4506 consent:
624 4459 701 4507 quena-
749 4447 870 4512 applyiug
886 4452 914 4496 to
932 4448 976 4496 the
997 4448 1125 4497 redeemed
1146 4450 1203 4498 that
1219 4450 1301 4499 which

147 4527 280 4577 canaam
292 4534 313 4577 ct
328 4528 458 4591 κατορθοῦν
470 4527 626 4588 σωφροσύνην
637 4524 700 4573 idun
748 4529 792 4577 the
803 4530 894 4577 author
901 4545 958 4593 says
970 4529 998 4577 of
1005 4530 1049 4578 tha
1059 4529 1210 4579 Redcemer:
1222 4532 1248 4579 iu
1260 4532 1303 4580 tlre

146 4617 179 4660 cet
207 4608 272 4674 prad
299 4625 378 4659 omna
404 4608 565 4673 oramate
592 4623 703 4657 narncrca
750 4610 834 4659 Greek
844 4612 945 4660 thanis
958 4627 991 4659 no
1001 4612 1149 4676 ambiguity,
1168 4612 1206 4662 lna
1219 4614 1233 4662 t
1246 4614 1303 4673 aa·

147 4691 408 4755 impermutata
424 4692 476 4743 Otr.
488 4692 513 4742 S.
526 4707 546 4741 c.
556 4705 595 4755 33.
750 4694 799 4741 λων
815 4694 904 4753 γνῶναι
921 4694 1000 4753 αὑτὸν,
1020 4694 1142 4756 ὥνθρωπος
1157 4696 1265 4757 γένηται.
