3225 5184
487 424 511 476 a
537 425 758 479 sonrruunrs
784 425 944 480 amaru.
1236 409 1300 479 173

147 588 331 687 εὑρίσκεται
364 589 399 657 έν
430 597 503 664 ταῖς
541 595 700 687 γραφαῖς,
739 587 930 680 ὑπάγεσθαι
968 584 1124 670 δυνάμενα
1161 589 1204 662 εἷς
1238 586 1300 658 τὸν
1319 598 1459 685 &fill-5:33·

147 697 289 800 ἆριθμδν
322 704 389 773 τῶν
421 699 516 784 durch,
546 700 589 772 τδ
622 705 806 798 μυστήριον
836 710 894 783 τῆς
927 697 1090 791 ὀγδοάδος
1118 695 1299 798 ἐκπληροῦν
1335 691 1440 776 'libid

146 815 315 906 λέγουσιν.
362 812 476 884 Ἀλλὰ
499 814 552 883 καὶ
577 814 637 896 τδν
680 812 777 885 εκάδα
807 811 1023 897 σημαίνεσθαι
1054 811 1106 884 διὰ
1129 818 1194 884 τῶν
1223 810 1298 883 δέκα

73 972 78 983 ·
112 971 117 983 ·
147 928 252 1010 ε’θνῶν,
280 926 323 997 ὧν
352 926 585 1018 ἐπηγγείλατο
609 931 628 998 ὁ
652 926 736 1003 Θεδς
759 934 814 1015 τῷ
834 923 997 1023 Ἀβραὰμ
1024 928 1067 1003 εἷς
1090 925 1300 1021 κατάσχεσιν
1381 930 1389 945 ’

147 1038 265 1121 δοῦναι,
292 1040 443 1131 λέγουσι·
472 1040 525 1110 καὶ
546 1040 606 1123 τὴν
630 1040 706 1138 περὶ
731 1040 869 1137 Σάῤῥαν
888 1037 922 1109 δὲ
940 1040 1134 1123 οἰκονομίαν,
1152 1042 1193 1115 ὡς
1212 1036 1299 1121 μετὰ

147 1154 204 1234 έτη
235 1150 310 1222 δέκα
341 1148 470 1223 δίδωσιν
504 1154 593 1243 αὖτῷ
628 1154 689 1237 την
723 1154 836 1235 έαυτῆς
865 1149 983 1232 δούλην
1011 1150 1142 1251 Ἀγαρ,
1175 1154 1227 1221 ἵνα
1263 1149 1301 1244 ἐξ

147 1265 245 1346 odric
280 1270 558 1347 τεκνοπαιῆσηται
592 1265 636 1338 τδ
669 1264 750 1337 αὗτδ
783 1264 910 1347 δηλοῦν.
960 1264 1031 1336 Καὶ
1064 1269 1083 1335 ὁ
1113 1263 1231 1341 δοῦλος
1264 1262 1300 1333 δέ

145 1374 311 1476 Ἀβραάμ
332 1378 498 1477 πεμφθεὶς
518 1380 571 1449 ἐπὶ
598 1380 785 1467 Ῥεβέκκαν,
814 1378 867 1449 καὶ
887 1378 942 1447 ε’πδ
968 1385 1021 1467 τῷ
1040 1380 1164 1477 φρέατι
1195 1374 1300 1453 διδοὺς

147 1490 233 1583 αὖτῇ
256 1489 390 1583 ψέλλια
417 1498 548 1591 χρυσῶν
575 1490 659 1577 δέκα,
683 1494 737 1563 καὶ
763 1496 796 1563 αι’
817 1490 961 1589 ἀδελφοὶ
984 1492 1081 1572 αὐτῆς
1099 1491 1299 1585 κατέχοντες

146 1602 246 1685 uri-riv
270 1603 325 1672 ἐπὶ
352 1602 427 1675 δέκα
451 1606 579 1703 ἡμέρας·
612 1608 662 1676 ἔτι
686 1604 901 1709 τεγῬοβαδμ
922 1606 964 1715 [l.
983 1596 1186 1705 Ἱεροβοάμ]
1208 1605 1227 1672 ὁ
1252 1600 1298 1674 τὰ

147 1714 222 1785 δέκα
243 1718 401 1817 σκῆπτρα
420 1720 611 1806 λαμβάνων,
630 1720 683 1789 καὶ
704 1720 763 1800 τῆς
785 1725 900 1803 σκηνῆς
921 1723 957 1792 αι’
980 1715 1055 1787 δέκα
1079 1718 1220 1799 αδλαῖαι,
1244 1716 1297 1784 καὶ

148 1831 181 1901 οἱ
208 1830 328 1900 στύλοι
359 1834 393 1901 οἱ
417 1830 618 1928 δεκαπήχεις,
645 1832 697 1903 καὶ
726 1834 759 1901 αι’
784 1830 859 1901 δέκα
894 1834 955 1905 vici
981 1829 1114 1915 Ἰακὼβ,
1152 1828 1207 1898 ἐπὶ
1239 1829 1299 1910 τὴν

148 1940 227 2023 (duria
255 1948 319 2013 τοῦ
344 1944 443 2016 cri-rou
471 1943 515 2016 τδ
545 1950 679 2043 πρῶτον
714 1948 756 2021 εἷς
785 1945 968 2037 Αἴγυπτον
997 1943 1214 2042 πεμφθέντες,
1244 1942 1297 2011 καὶ

148 2057 182 2125 oi
209 2052 283 2125 δέκα
317 2056 547 2142 Ἀπάσταλοι,
578 2055 625 2135 οἷς
658 2064 859 2157 φανεροῦται
896 2057 983 2145 μετὰ
1020 2056 1081 2137 τὴν
1116 2056 1251 2153 ἔγερσιν
1280 2056 1298 2124 ὁ

148 2168 279 2267 Κύριος,
317 2176 379 2241 τοῦ
412 2171 516 2253 Θωμᾶ
555 2170 598 2256 μη
633 2172 810 2271 παρόντος,
846 2173 907 2254 τὴν
942 2174 1091 2272 ἇόρατον
1128 2166 1300 2239 διεπάπουν

147 2281 219 2352 κατ’
240 2283 354 2359 colrois
384 2282 511 2355 δεκάδα.

228 2416 260 2483 3.
313 2396 384 2479 Tria
415 2394 589 2468 δυοδεκάδα
619 2395 662 2481 δέ,
694 2399 768 2495 περὶ
799 2397 836 2483 δην
865 2400 918 2471 καὶ
951 2398 993 2472 τδ
1027 2402 1208 2492 μυστήριον
1238 2399 1301 2465 τοῦ

149 2506 273 2587 πάθους
299 2516 362 2581 τοῦ
390 2512 619 2608 ὖστερήματος
645 2509 827 2602 γεγονέναι,
849 2510 887 2607 ἐξ
907 2514 947 2585 αθ
962 2514 1086 2589 πάθους
1105 2508 1149 2583 τδι
1169 2508 1301 2597 βλεπό-

147 2652 228 2704 μενα
247 2625 508 2695 κατεσκευάσθαι
529 2624 691 2707 θέλουσιν,
714 2624 879 2709 ε’πισῆμως
902 2627 956 2697 καὶ
975 2630 1122 2725 φανερῶς
1142 2621 1300 2717 πανταχῆ

148 2857 264 2923 obduci
302 2880 394 2943 posse
437 2859 476 2923 ad
519 2880 685 2922 numerum
727 2866 884 2931 octavum,
922 2858 1110 2944 mysterium
1144 2856 1299 2943 ogdoadis

147 2958 320 3043 adimplere
335 2958 454 3023 dicunt.
490 2958 555 3023 Sed
573 2966 606 3022 et
624 2959 774 3023 decadem
792 2959 962 3045 significari
978 2982 1037 3044 per
1053 2958 1161 3022 decem
1174 2963 1296 3042 gentes,
1310 2966 1405 3061 χχχιι
1416 2968 1439 3005 ¹⁹

148 3080 226 3144 quas
243 3058 389 3143 promisit
413 3058 501 3123 Deus
524 3058 665 3123 Abrahae
689 3058 721 3121 in
744 3060 972 3143 possessionem
995 3059 1082 3129 dare.
1107 3058 1237 3123 dicunt:
1264 3064 1298 3122 et

148 3158 328 3245 ¹dispositio
353 3181 425 3244 quae
451 3166 500 3224 est
525 3158 698 3223 secundum
732 3158 856 3233 Soram,
891 3158 1049 3245 quomodo
1083 3164 1156 3241 post
1188 3156 1296 3221 decem

148 3280 248 3324 annos
265 3258 322 3324 dat
338 3259 368 3323 ei
385 3259 530 3324 ancillam
546 3280 635 3323 suam
655 3257 754 3343 Agar,
773 3265 811 3323 ut
832 3280 872 3323 ex
897 3281 935 3323 ea
956 3258 1056 3322 filium
1078 3256 1185 3327 iaciat,
1211 3256 1296 3321 idem
1309 3271 1434 3311 Gen-xus

147 3357 333 3444 significare.
386 3360 432 3425 Et
447 3380 554 3423 servus
576 3366 683 3422 autem
710 3358 876 3424 Abraham
900 3358 1012 3422 missus
1036 3358 1077 3421 ad
1104 3356 1295 3431 Rebeccam,

148 3465 182 3523 et
197 3480 292 3544 super
308 3466 440 3546 puteum
462 3458 542 3523 dans
563 3458 591 3522 ei
618 3457 756 3523 armillas
782 3481 950 3523 aureorum
975 3457 1093 3528 decem,
1120 3463 1154 3521 et
1179 3456 1295 3520 fratres
1307 3464 1426 3547 ξενῶνα

148 3558 215 3642 ejus
232 3568 378 3625 tenentes
401 3581 471 3625 eam
493 3560 525 3624 in
550 3557 617 3623 dies
637 3558 756 3632 decem,
782 3560 886 3623 adhuc
906 3558 1004 3624 etiam
1028 3557 1052 3621 J
1054 3558 1213 3630 archoum,
1241 3554 1294 3641 qui
1309 3538 1452 3657 {Qu-³¹·

1368 3619 1460 3663 auvil,

148 3657 258 3723 decem
275 3668 403 3745 acsptra
419 3659 551 3745 accepit,
570 3665 604 3723 et
621 3658 818 3723 tabernaculi
841 3660 950 3724 decem
973 3657 1066 3732 atria,
1085 3664 1119 3721 et
1141 3656 1295 3721 columnae
1307 3666 1453 3751 ffifffi

149 3754 258 3821 decem
284 3758 473 3834 cubitorum,
500 3766 533 3824 et
559 3759 668 3823 decem
693 3758 749 3822 lilii
774 3758 879 3824 Jacob
906 3759 947 3823 ad
973 3756 1166 3843 emptionem
1196 3755 1294 3821 tritici
1308 3760 1439 3843 {imm

148 3852 252 3938 prima
268 3855 335 3920 vice
352 3858 384 3920 in
402 3859 581 3945 AEgyptum
598 3857 694 3931 missi,
713 3866 746 3924 et
764 3860 873 3923 decem
892 3858 1049 3944 Apostoli.
1066 3856 1179 3943 quibus
1196 3856 1296 3921 mani-

147 3955 285 4019 lestatur
307 3964 380 4041 post
405 3958 667 4023 resurrectionem
688 3956 854 4030 Dominus.
873 3980 945 4024 cum
963 3956 1102 4021 Thomas
1124 3977 1188 4020 non
1212 3963 1296 4021 esset
1308 3960 1356 4000 ¹⁰¹¹
1366 3960 1439 3998 Μ*

148 4076 297 4139 praesens,
314 4055 500 4121 invisibilem
518 4057 741 4144 defigurabant
758 4059 932 4122 secundum
951 4080 1004 4121 eos
1018 4055 1181 4122 decadem.

223 4158 255 4223 3.
283 4155 508 4221 Duodecadom
526 4164 643 4231 autem,
662 4180 739 4244 erga
763 4180 859 4243 quam
882 4164 916 4222 et
942 4155 1127 4241 mysterium
1144 4152 1297 4239 passionis

148 4253 246 4321 Labie
272 4256 376 4330 luisse,
408 4278 447 4321 ex
476 4278 539 4342 qua
568 4257 712 4341 passione
739 4256 874 4323 visibilia
900 4256 1057 4322 fabricata
1083 4253 1296 4329 escendunt,

146 4354 312 4442 signanter
323 4364 357 4423 et
375 4355 627 4421 manifestissimo
643 4356 779 4442 positam
797 4357 914 4444 ubique
932 4356 1062 4421 dicunt:
1079 4360 1117 4419 ut
1131 4353 1296 4418 duodecim
1308 4349 1460 4440 ffi'ffl

197 4572 364 4637 ¹Disporitio.
405 4571 458 4621 The
479 4570 582 4635 reading
603 4570 632 4620 ol
654 4570 697 4620 tha
747 4572 872 4621 thesemo
881 4571 1045 4637 requireethe
1059 4568 1206 4627 accusative,
1219 4566 1300 4616 which

147 4654 257 4717 Cunaro,
271 4658 388 4717 Auum,
401 4654 480 4715 Voss,
495 4654 582 4704 Mauo.
592 4664 620 4702 rr.
645 4652 697 4703 But
748 4652 879 4702 Massam
890 4654 936 4703 hae
946 4652 1084 4717 expressed.
