3225 5184
570 422 621 475 an
648 423 886 481 nnnnnnnsr.
1242 409 1303 474 281

154 577 225 643 Nus
238 584 327 663 peter
341 579 377 644 fit
393 578 531 645 Ennoiae.
577 579 846 661 Quemadmodum
859 591 966 649 'antem
979 591 1013 649 et
1026 581 1159 649 emissus
1175 586 1225 646 est
1240 579 1310 645 Nus
1330 598 1468 685 mapa.

152 702 173 745 a
203 682 386 767 Propetore,
416 683 470 770 qui
499 683 699 769 principalem
728 694 761 750 et
789 686 925 772 primum
950 688 1020 775 ejus
1048 709 1118 773 quae
1146 694 1196 750 est
1224 684 1309 749 intus
1330 692 1467 778 (ffigffil

152 784 345 849 absconditae
360 794 393 849 et
408 786 568 850 invisibilis
588 786 760 851 affectionis
774 788 876 854 locum
896 791 1055 855 continet!
1076 811 1096 854 a
1119 809 1181 875 qua
1198 809 1309 853 sensns
1323 785 1472 871 2¹²2-

152 898 330 974 generatur,
346 900 378 955 et
397 890 530 968 Ennoia,
555 899 587 955 et
608 891 821 977 Enthymesis,
842 902 875 957 et
896 894 1055 980 aliaque
1074 916 1138 959 non
1156 893 1218 957 alia
1235 901 1308 957 sunt

153 1001 267 1077 praeter
298 994 391 1070 Nun;
421 996 476 1059 sed
506 995 587 1059 illius
614 995 720 1079 ipsius,
747 996 1007 1082 quemadmodum
1037 995 1245 1082 pmdiximus,
1270 995 1310 1061 de

154 1093 257 1180 aliquo
272 1096 443 1183 incogitatu
452 1097 610 1183 dispositae
626 1096 809 1183 qualeslibet
823 1098 990 1173 motionem
1005 1098 1175 1163 secundum
1192 1100 1310 1182 ¹perse·

154 1198 344 1263 venationem
360 1207 392 1264 et
406 1208 619 1286 augmentum,
635 1222 698 1264 non
713 1200 884 1263 secundum
898 1199 1147 1265 immutationem
1161 1198 1311 1264 voeabula

154 1298 354 1384 accipientes,
375 1312 408 1366 et
433 1301 466 1364 in
489 1301 700 1387 cognitionem
723 1301 970 1379 conterminata,
994 1310 1028 1367 et
1050 1302 1084 1365 in
1105 1304 1233 1367 verbum
1257 1323 1309 1367 co-

154 1402 288 1479 emissae,
314 1424 409 1469 sensu
434 1412 579 1470 manente
602 1404 687 1469 intus
710 1412 743 1468 et
768 1403 931 1481 condente,
954 1413 987 1469 et
1009 1403 1257 1481 administrante,
1277 1412 1311 1471 et

154 1504 347 1589 gubernante
363 1506 457 1571 libere
471 1514 503 1571 et
518 1528 557 1570 ex
571 1529 630 1571 sua
642 1514 810 1592 potestate,
826 1506 1085 1592 quemadmodum
1100 1515 1135 1572 et
1148 1506 1224 1585 vult,
1240 1528 1311 1593 quae

156 1608 306 1692 praedicta
321 1620 404 1677 sunt.

158 1768 161 1773 ,
223 1715 252 1777 2.
300 1714 408 1780 Prima
430 1716 513 1780 enim
540 1717 636 1782 motio
661 1718 729 1803 ejus
755 1717 794 1781 de
820 1717 933 1803 aliquo,
960 1716 1090 1782 ²ennoia
1119 1716 1309 1803 appellatum

156 1836 356 1899 perseverans
375 1828 480 1884 autem
500 1829 534 1884 et
553 1830 656 1897 aucta,
672 1830 704 1885 et
725 1821 900 1885 universam
915 1820 1150 1905 apprehendens
1163 1820 1311 1899 animam,

156 1919 348 2004 enthymesis
371 1932 507 1986 vocatur.
563 1924 645 1988 Haec
669 1933 775 1989 autem
797 1924 988 2009 enthymesis
1009 1924 1141 1988 multum
1164 1924 1314 2010 temporis

157 2022 273 2088 faciens
298 2024 329 2086 in
355 2025 474 2101 eodem,
499 2034 532 2089 et
554 2026 637 2089 velut
668 2026 808 2110 probata,
834 2026 971 2090 sensatio
1004 2025 1192 2090 nominatur.
1231 2025 1313 2090 Haec

156 2134 261 2189 autem
276 2128 413 2191 sensatio
428 2130 461 2190 in
476 2128 607 2191 multum
617 2128 755 2203 dilatata,
767 2127 1019 2191 consiliumsacta
1030 2137 1093 2201 est;
1110 2136 1313 2211 augmentum

158 2236 313 2294 autemst
330 2239 435 2293 motus
456 2229 488 2293 in
508 2230 640 2294 multum
661 2229 809 2293 dilatatus
831 2228 960 2307 consilii,
977 2229 1176 2315 cogitationis
1197 2231 1314 2295 exami-

157 2334 260 2399 natio:
284 2356 355 2419 quae
370 2335 465 2399 etiam
480 2334 511 2397 in
527 2341 632 2398 mente
652 2354 861 2417 perseverans,
876 2333 1002 2397 verbum
1021 2332 1193 2397 rectissime
1207 2334 1315 2419 appel·

157 2436 288 2509 labitur;
312 2460 352 2502 ex
377 2458 439 2522 quo
456 2435 646 2501 ³emissibilis
668 2433 823 2499 emittitur
844 2434 982 2497 verbum.
1019 2433 1128 2497 Unum
1151 2444 1257 2498 autem
1280 2444 1315 2499 et

164 2539 246 2602 idem
266 2547 315 2603 est
336 2540 441 2603 omnia
454 2560 525 2623 quae
547 2538 697 2624 praedicta
718 2544 802 2614 sunt,
817 2557 838 2599 a
854 2535 905 2599 No
926 2535 1050 2599 initium
1070 2536 1265 2621 accipientia,
1280 2545 1314 2601 et

157 2641 327 2704 seeundum
342 2649 543 2727 augmentum
558 2640 749 2704 assumentia
763 2638 997 2724 appellationes.
1044 2637 1313 2719 Quemadmodum

158 2750 192 2807 et
205 2764 317 2828 corpus
336 2743 480 2819 hominis,
496 2742 662 2828 aliquando
677 2740 801 2827 quidem
823 2739 987 2817 novellum,
1002 2739 1168 2825 aliquando
1188 2740 1313 2825 quidem

158 2844 254 2921 virile,
277 2843 442 2930 aliquando
469 2854 573 2908 autem
601 2842 708 2919 senile,
732 2842 904 2907 meandum
933 2850 1137 2928 augmentum
1158 2851 1192 2906 et
1209 2863 1313 2929 perae·

158 2947 328 3012 verentiam
357 2946 479 3032 aceepit
504 2945 736 3032 appellationes,
764 2944 909 3009 sednon
935 2944 1104 3010 secundnm
1127 2945 1314 3010 substantiae

158 3050 412 3129 demutationem,
428 3072 528 3136 neque
545 3049 716 3114 secundum
735 3047 872 3134 corporis
889 3049 1107 3114 amissionem:
1131 3048 1177 3113 sic
1199 3058 1232 3114 et
1253 3048 1313 3117 illa.

160 3153 211 3217 De
229 3175 290 3239 quo
314 3152 397 3216 enirn
419 3153 489 3239 quis
507 3152 766 3238 ⁴contemplatnr,
794 3152 833 3217 de
858 3175 896 3217 eo
913 3159 947 3216 et
969 3152 1109 3239 cogitat:
1133 3161 1166 3216 et
1188 3153 1229 3218 de
1252 3175 1314 3239 quo

158 3255 287 3343 cogitat,
303 3256 342 3319 de
360 3256 419 3320 hoc
438 3266 471 3320 et
488 3255 588 3341 sapit:
613 3256 651 3320 de
673 3278 735 3341 quo
757 3263 862 3320 autem
881 3264 915 3320 et
931 3255 1025 3340 sapit,
1043 3255 1083 3319 de
1105 3256 1166 3320 hoc
1188 3264 1222 3321 et
1239 3278 1314 3321 con·

158 3360 296 3424 siliatur:
316 3368 349 3425 et
364 3360 446 3445 quod
461 3360 649 3437 consiliatur,
665 3359 725 3423 hoo
739 3368 772 3423 et
783 3360 888 3423 animo
903 3367 1036 3423 tractat:
1060 3366 1093 3422 et
1111 3359 1194 3445 quod
1208 3358 1313 3424 animo

158 3469 283 3540 tractat,
314 3462 373 3526 hoc
402 3470 435 3527 et
463 3461 608 3548 loquitur.
655 3460 736 3526 Haec
769 3470 876 3525 autem
909 3460 1022 3537 omnia,
1053 3459 1313 3544 quemadmodum

158 3564 303 3643 diximus,
320 3564 389 3629 Nus
402 3566 565 3651 gubernat,
581 3586 651 3629 cum
667 3563 709 3627 sit
724 3563 789 3648 ipse
810 3561 979 3640 invisibilis,
995 3570 1028 3626 et
1042 3582 1062 3625 a
1076 3562 1244 3647 semetipso
1258 3584 1314 3649 per

301 3658 323 3705 0

208 3769 217 3802 ¹
236 3774 299 3821 κατὰ
311 3772 422 3832 διαμονὴν
434 3774 472 3821 rel
485 3774 589 3833 αὔξησιν.
761 3772 913 3835 νὸν,..λόγον
924 3775 991 3834 ὄντα,
1005 3768 1034 3822 od
1044 3772 1093 3821 πᾶν
1104 3774 1172 3835 γένος
1183 3774 1315 3836 ἀνθρώπων

206 3851 287 3903 eme
304 3854 430 3919 following
448 3872 506 3920 may
521 3856 552 3904 be
568 3856 710 3904 considered
759 3857 874 3917 μέτεσχε,
895 3858 935 3905 rol
958 3859 980 3906 ot
1001 3858 1065 3916 μετὰ
1086 3858 1164 3918 λόγου
1182 3858 1315 3919 βιώσαντα

157 3939 185 3984 to
203 3934 235 3983 bs
254 3936 412 3985 consecutive
434 3942 501 3999 steps
522 3938 548 3985 in
567 3938 610 3985 the
628 3936 710 3985 evolu·
760 3940 901 4001 Χριστιωοί
919 3942 973 3999 elci,
997 3938 1041 4000 κᾷν
1062 3940 1127 3987 ἄθεοι
1144 3940 1312 3999 ἐνομίσθησαν,

157 4017 212 4065 tion
226 4016 255 4065 of
269 4018 342 4079 λόγος
355 4017 604 4083 anapsychological
620 4018 708 4083 entity.
760 4024 809 4071 olor
830 4024 855 4071 ἐν
871 4022 979 4081 Ἕλλησι
1000 4023 1044 4080 μὲν
1066 4022 1204 4082 Σωκράτης,
1230 4024 1312 4071 κ.τ.λ.

158 4097 264 4158 Ennoia,
289 4097 425 4160 conception
431 4118 442 4155 ;
472 4098 640 4163 Enthymesis,
671 4098 709 4146 in·
759 4102 833 4164 Apol.
845 4114 865 4149 1.
878 4098 918 4161 46.

156 4181 263 4235 tererem
289 4179 409 4241 Sensatio,
429 4180 545 4243 thoracam
562 4182 706 4241 Consilium,
809 4179 821 4214 ⁸
850 4180 992 4232 mennae.
1044 4180 1098 4232 'l'he
1130 4182 1260 4247 authority
1289 4182 1319 4231 of

156 4261 306 4323 remoninqr
338 4260 504 4323 Cogitationis
539 4263 707 4321 Examinsno,
761 4262 838 4314 MSS.
864 4265 886 4313 is
913 4264 1019 4328 entirely
1040 4264 1067 4312 in
1093 4264 1184 4313 farem
1210 4265 1239 4313 of
1263 4264 1315 4314 thia

149 4343 297 4406 judpmem
313 4345 338 4391 in
351 4344 439 4392 Mente
450 4344 711 4405 Perseverans,llbpor
759 4346 822 4394 false
837 4343 952 4405 concord,
978 4345 1022 4394 the
1038 4345 1174 4393 translator
1193 4362 1221 4393 as
1241 4347 1316 4395 usual

157 4427 302 4485 &deciderem
327 4426 468 4475 Emiseibile
486 4426 607 4485 Verbum,
632 4427 711 4485 Λόγος
759 4427 887 4490 following
904 4427 948 4475 the
962 4427 1053 4486 Greek,
1069 4425 1115 4475 vir.
1135 4428 1208 4486 λόγος
1224 4436 1314 4489 προφω

157 4510 309 4571 προφορικός,
344 4508 424 4571 night
439 4524 527 4557 reason
543 4508 564 4555 is
579 4507 672 4571 spoken
684 4506 713 4554 of
759 4510 830 4571 ρικός.

156 4590 191 4655 by
209 4591 308 4640 lusum
331 4607 358 4639 aa
381 4589 489 4653 inspired
511 4590 545 4653 by
563 4590 605 4638 the
627 4588 710 4637 divine
809 4587 1315 4639 ⁴Oodd0t1t1ut.andvoss.havecon·

157 4672 249 4737 Logoa,
266 4672 309 4721 the
327 4672 391 4736 light
406 4672 435 4719 oi
451 4671 569 4720 Heathen
583 4672 710 4720 wisemen
758 4672 887 4735 ternplotao
896 4679 936 4721 ert.
966 4672 1056 4721 Mauo.
1069 4684 1088 4722 1.
1102 4682 1132 4721 11.
1145 4671 1196 4721 and
1207 4671 1312 4721 Enseu.

156 4756 241 4805 before
255 4756 298 4805 the
309 4754 403 4804 advent
414 4754 442 4803 ol
451 4754 543 4805 const.
579 4756 625 4804 Τὸν
637 4755 709 4817 Χρισ-
759 4752 938 4816 conmmlotua.
